%YAML 1.1
%TAG !u! tag:unity3d.com,2011:
--- !u!29 &1
OcclusionCullingSettings:
  m_ObjectHideFlags: 0
  serializedVersion: 2
  m_OcclusionBakeSettings:
    smallestOccluder: 5
    smallestHole: 0.25
    backfaceThreshold: 100
  m_SceneGUID: 00000000000000000000000000000000
  m_OcclusionCullingData: {fileID: 0}
--- !u!104 &2
RenderSettings:
  m_ObjectHideFlags: 0
  serializedVersion: 9
  m_Fog: 0
  m_FogColor: {r: 0.5, g: 0.5, b: 0.5, a: 1}
  m_FogMode: 3
  m_FogDensity: 0.01
  m_LinearFogStart: 0
  m_LinearFogEnd: 300
  m_AmbientSkyColor: {r: 0.212, g: 0.227, b: 0.259, a: 1}
  m_AmbientEquatorColor: {r: 0.114, g: 0.125, b: 0.133, a: 1}
  m_AmbientGroundColor: {r: 0.047, g: 0.043, b: 0.035, a: 1}
  m_AmbientIntensity: 1
  m_AmbientMode: 3
  m_SubtractiveShadowColor: {r: 0.42, g: 0.478, b: 0.627, a: 1}
  m_SkyboxMaterial: {fileID: 0}
  m_HaloStrength: 0.5
  m_FlareStrength: 1
  m_FlareFadeSpeed: 3
  m_HaloTexture: {fileID: 0}
  m_SpotCookie: {fileID: 10001, guid: 0000000000000000e000000000000000, type: 0}
  m_DefaultReflectionMode: 0
  m_DefaultReflectionResolution: 128
  m_ReflectionBounces: 1
  m_ReflectionIntensity: 1
  m_CustomReflection: {fileID: 0}
  m_Sun: {fileID: 0}
  m_IndirectSpecularColor: {r: 0, g: 0, b: 0, a: 1}
  m_UseRadianceAmbientProbe: 0
--- !u!157 &3
LightmapSettings:
  m_ObjectHideFlags: 0
  serializedVersion: 11
  m_GIWorkflowMode: 1
  m_GISettings:
    serializedVersion: 2
    m_BounceScale: 1
    m_IndirectOutputScale: 1
    m_AlbedoBoost: 1
    m_TemporalCoherenceThreshold: 1
    m_EnvironmentLightingMode: 0
    m_EnableBakedLightmaps: 0
    m_EnableRealtimeLightmaps: 0
  m_LightmapEditorSettings:
    serializedVersion: 10
    m_Resolution: 2
    m_BakeResolution: 40
    m_AtlasSize: 1024
    m_AO: 0
    m_AOMaxDistance: 1
    m_CompAOExponent: 1
    m_CompAOExponentDirect: 0
    m_Padding: 2
    m_LightmapParameters: {fileID: 0}
    m_LightmapsBakeMode: 1
    m_TextureCompression: 1
    m_FinalGather: 0
    m_FinalGatherFiltering: 1
    m_FinalGatherRayCount: 256
    m_ReflectionCompression: 2
    m_MixedBakeMode: 2
    m_BakeBackend: 0
    m_PVRSampling: 1
    m_PVRDirectSampleCount: 32
    m_PVRSampleCount: 500
    m_PVRBounces: 2
    m_PVRFilterTypeDirect: 0
    m_PVRFilterTypeIndirect: 0
    m_PVRFilterTypeAO: 0
    m_PVRFilteringMode: 1
    m_PVRCulling: 1
    m_PVRFilteringGaussRadiusDirect: 1
    m_PVRFilteringGaussRadiusIndirect: 5
    m_PVRFilteringGaussRadiusAO: 2
    m_PVRFilteringAtrousPositionSigmaDirect: 0.5
    m_PVRFilteringAtrousPositionSigmaIndirect: 2
    m_PVRFilteringAtrousPositionSigmaAO: 1
    m_ShowResolutionOverlay: 1
  m_LightingDataAsset: {fileID: 0}
  m_UseShadowmask: 1
--- !u!196 &4
NavMeshSettings:
  serializedVersion: 2
  m_ObjectHideFlags: 0
  m_BuildSettings:
    serializedVersion: 2
    agentTypeID: 0
    agentRadius: 0.5
    agentHeight: 2
    agentSlope: 45
    agentClimb: 0.4
    ledgeDropHeight: 0
    maxJumpAcrossDistance: 0
    minRegionArea: 2
    manualCellSize: 0
    cellSize: 0.16666667
    manualTileSize: 0
    tileSize: 256
    accuratePlacement: 0
    debug:
      m_Flags: 0
  m_NavMeshData: {fileID: 0}
--- !u!1001 &98566359
Prefab:
  m_ObjectHideFlags: 0
  serializedVersion: 2
  m_Modification:
    m_TransformParent: {fileID: 0}
    m_Modifications:
    - target: {fileID: 4800649687002204, guid: 9efa67a5a027c7f48ab4ca7f69d7a2d8, type: 2}
      propertyPath: m_LocalPosition.x
      value: 9.099396
      objectReference: {fileID: 0}
    - target: {fileID: 4800649687002204, guid: 9efa67a5a027c7f48ab4ca7f69d7a2d8, type: 2}
      propertyPath: m_LocalPosition.y
      value: 4.940568
      objectReference: {fileID: 0}
    - target: {fileID: 4800649687002204, guid: 9efa67a5a027c7f48ab4ca7f69d7a2d8, type: 2}
      propertyPath: m_LocalPosition.z
      value: -1.4277344
      objectReference: {fileID: 0}
    - target: {fileID: 4800649687002204, guid: 9efa67a5a027c7f48ab4ca7f69d7a2d8, type: 2}
      propertyPath: m_LocalRotation.x
      value: 0
      objectReference: {fileID: 0}
    - target: {fileID: 4800649687002204, guid: 9efa67a5a027c7f48ab4ca7f69d7a2d8, type: 2}
      propertyPath: m_LocalRotation.y
      value: 0
      objectReference: {fileID: 0}
    - target: {fileID: 4800649687002204, guid: 9efa67a5a027c7f48ab4ca7f69d7a2d8, type: 2}
      propertyPath: m_LocalRotation.z
      value: 0
      objectReference: {fileID: 0}
    - target: {fileID: 4800649687002204, guid: 9efa67a5a027c7f48ab4ca7f69d7a2d8, type: 2}
      propertyPath: m_LocalRotation.w
      value: 1
      objectReference: {fileID: 0}
    - target: {fileID: 4800649687002204, guid: 9efa67a5a027c7f48ab4ca7f69d7a2d8, type: 2}
      propertyPath: m_RootOrder
      value: 4
      objectReference: {fileID: 0}
    - target: {fileID: 114366636621625172, guid: 9efa67a5a027c7f48ab4ca7f69d7a2d8,
        type: 2}
      propertyPath: m_havePropertiesChanged
      value: 1
      objectReference: {fileID: 0}
    - target: {fileID: 114366636621625172, guid: 9efa67a5a027c7f48ab4ca7f69d7a2d8,
        type: 2}
      propertyPath: m_isInputParsingRequired
      value: 1
      objectReference: {fileID: 0}
    m_RemovedComponents: []
  m_SourcePrefab: {fileID: 100100000, guid: 9efa67a5a027c7f48ab4ca7f69d7a2d8, type: 2}
  m_IsPrefabAsset: 0
--- !u!4 &235853607 stripped
Transform:
  m_CorrespondingSourceObject: {fileID: 4567634283591626, guid: 2e46ad1a575810a4bab9165adcf78a13,
    type: 2}
  m_PrefabInternal: {fileID: 1593588291}
--- !u!4 &239222258 stripped
Transform:
  m_CorrespondingSourceObject: {fileID: 4567634283591626, guid: 9bcfd4c7c57e9dd49b7b0b0718cd26df,
    type: 2}
  m_PrefabInternal: {fileID: 531850799}
--- !u!1001 &347507191
Prefab:
  m_ObjectHideFlags: 0
  serializedVersion: 2
  m_Modification:
    m_TransformParent: {fileID: 0}
    m_Modifications:
    - target: {fileID: 4825398719859100, guid: 603630b4ec179b7409ca72fc6e572954, type: 2}
      propertyPath: m_LocalPosition.x
      value: 1.01
      objectReference: {fileID: 0}
    - target: {fileID: 4825398719859100, guid: 603630b4ec179b7409ca72fc6e572954, type: 2}
      propertyPath: m_LocalPosition.y
      value: 0.82
      objectReference: {fileID: 0}
    - target: {fileID: 4825398719859100, guid: 603630b4ec179b7409ca72fc6e572954, type: 2}
      propertyPath: m_LocalPosition.z
      value: 1
      objectReference: {fileID: 0}
    - target: {fileID: 4825398719859100, guid: 603630b4ec179b7409ca72fc6e572954, type: 2}
      propertyPath: m_LocalRotation.x
      value: 0
      objectReference: {fileID: 0}
    - target: {fileID: 4825398719859100, guid: 603630b4ec179b7409ca72fc6e572954, type: 2}
      propertyPath: m_LocalRotation.y
      value: 0
      objectReference: {fileID: 0}
    - target: {fileID: 4825398719859100, guid: 603630b4ec179b7409ca72fc6e572954, type: 2}
      propertyPath: m_LocalRotation.z
      value: 0
      objectReference: {fileID: 0}
    - target: {fileID: 4825398719859100, guid: 603630b4ec179b7409ca72fc6e572954, type: 2}
      propertyPath: m_LocalRotation.w
      value: 1
      objectReference: {fileID: 0}
    - target: {fileID: 4825398719859100, guid: 603630b4ec179b7409ca72fc6e572954, type: 2}
      propertyPath: m_RootOrder
      value: 2
      objectReference: {fileID: 0}
    - target: {fileID: 114982957826725652, guid: 603630b4ec179b7409ca72fc6e572954,
        type: 2}
      propertyPath: paddle1
      value: 
      objectReference: {fileID: 1574379596}
    m_RemovedComponents: []
  m_SourcePrefab: {fileID: 100100000, guid: 603630b4ec179b7409ca72fc6e572954, type: 2}
  m_IsPrefabAsset: 0
--- !u!1 &392473345
GameObject:
  m_ObjectHideFlags: 0
  m_CorrespondingSourceObject: {fileID: 0}
  m_PrefabInternal: {fileID: 0}
  serializedVersion: 6
  m_Component:
  - component: {fileID: 392473346}
  - component: {fileID: 392473347}
  m_Layer: 0
  m_Name: Top wall
  m_TagString: Untagged
  m_Icon: {fileID: 0}
  m_NavMeshLayer: 0
  m_StaticEditorFlags: 0
  m_IsActive: 1
--- !u!4 &392473346
Transform:
  m_ObjectHideFlags: 0
  m_CorrespondingSourceObject: {fileID: 0}
  m_PrefabInternal: {fileID: 0}
  m_GameObject: {fileID: 392473345}
  m_LocalRotation: {x: -0, y: -0, z: -0, w: 1}
  m_LocalPosition: {x: 8, y: 12.5, z: 0}
  m_LocalScale: {x: 1, y: 1, z: 1}
  m_Children: []
  m_Father: {fileID: 1508523009}
  m_RootOrder: 4
  m_LocalEulerAnglesHint: {x: 0, y: 0, z: 0}
--- !u!61 &392473347
BoxCollider2D:
  m_ObjectHideFlags: 0
  m_CorrespondingSourceObject: {fileID: 0}
  m_PrefabInternal: {fileID: 0}
  m_GameObject: {fileID: 392473345}
  m_Enabled: 1
  m_Density: 1
  m_Material: {fileID: 0}
  m_IsTrigger: 0
  m_UsedByEffector: 0
  m_UsedByComposite: 0
  m_Offset: {x: 0, y: 0}
  m_SpriteTilingProperty:
    border: {x: 0, y: 0, z: 0, w: 0}
    pivot: {x: 0, y: 0}
    oldSize: {x: 0, y: 0}
    newSize: {x: 0, y: 0}
    adaptiveTilingThreshold: 0
    drawMode: 0
    adaptiveTiling: 0
  m_AutoTiling: 0
  serializedVersion: 2
  m_Size: {x: 18, y: 1}
  m_EdgeRadius: 0
--- !u!4 &449093555 stripped
Transform:
  m_CorrespondingSourceObject: {fileID: 4567634283591626, guid: 2e46ad1a575810a4bab9165adcf78a13,
    type: 2}
  m_PrefabInternal: {fileID: 937964057}
--- !u!1001 &531850799
Prefab:
  m_ObjectHideFlags: 0
  serializedVersion: 2
  m_Modification:
    m_TransformParent: {fileID: 1668066522}
    m_Modifications:
    - target: {fileID: 4567634283591626, guid: 9bcfd4c7c57e9dd49b7b0b0718cd26df, type: 2}
      propertyPath: m_LocalPosition.x
      value: 12.510702
      objectReference: {fileID: 0}
    - target: {fileID: 4567634283591626, guid: 9bcfd4c7c57e9dd49b7b0b0718cd26df, type: 2}
      propertyPath: m_LocalPosition.y
      value: 7.46
      objectReference: {fileID: 0}
    - target: {fileID: 4567634283591626, guid: 9bcfd4c7c57e9dd49b7b0b0718cd26df, type: 2}
      propertyPath: m_LocalPosition.z
      value: 0
      objectReference: {fileID: 0}
    - target: {fileID: 4567634283591626, guid: 9bcfd4c7c57e9dd49b7b0b0718cd26df, type: 2}
      propertyPath: m_LocalRotation.x
      value: -0
      objectReference: {fileID: 0}
    - target: {fileID: 4567634283591626, guid: 9bcfd4c7c57e9dd49b7b0b0718cd26df, type: 2}
      propertyPath: m_LocalRotation.y
      value: -0
      objectReference: {fileID: 0}
    - target: {fileID: 4567634283591626, guid: 9bcfd4c7c57e9dd49b7b0b0718cd26df, type: 2}
      propertyPath: m_LocalRotation.z
      value: -0
      objectReference: {fileID: 0}
    - target: {fileID: 4567634283591626, guid: 9bcfd4c7c57e9dd49b7b0b0718cd26df, type: 2}
      propertyPath: m_LocalRotation.w
      value: 1
      objectReference: {fileID: 0}
    - target: {fileID: 4567634283591626, guid: 9bcfd4c7c57e9dd49b7b0b0718cd26df, type: 2}
      propertyPath: m_RootOrder
      value: 7
      objectReference: {fileID: 0}
    - target: {fileID: 1063565519903516, guid: 9bcfd4c7c57e9dd49b7b0b0718cd26df, type: 2}
      propertyPath: m_Name
      value: 1 Hit Breakable Block (2)
      objectReference: {fileID: 0}
    m_RemovedComponents: []
  m_SourcePrefab: {fileID: 100100000, guid: 9bcfd4c7c57e9dd49b7b0b0718cd26df, type: 2}
  m_IsPrefabAsset: 0
--- !u!1001 &552905349
Prefab:
  m_ObjectHideFlags: 0
  serializedVersion: 2
  m_Modification:
    m_TransformParent: {fileID: 1508523009}
    m_Modifications:
    - target: {fileID: 4262141111160162, guid: fe4d29b36e9625c4bad9e5eae56f840e, type: 2}
      propertyPath: m_LocalPosition.x
      value: 358.98386
      objectReference: {fileID: 0}
    - target: {fileID: 4262141111160162, guid: fe4d29b36e9625c4bad9e5eae56f840e, type: 2}
      propertyPath: m_LocalPosition.y
      value: 263.99924
      objectReference: {fileID: 0}
    - target: {fileID: 4262141111160162, guid: fe4d29b36e9625c4bad9e5eae56f840e, type: 2}
      propertyPath: m_LocalPosition.z
      value: -1.3142242
      objectReference: {fileID: 0}
    - target: {fileID: 4262141111160162, guid: fe4d29b36e9625c4bad9e5eae56f840e, type: 2}
      propertyPath: m_LocalRotation.x
      value: -0
      objectReference: {fileID: 0}
    - target: {fileID: 4262141111160162, guid: fe4d29b36e9625c4bad9e5eae56f840e, type: 2}
      propertyPath: m_LocalRotation.y
      value: -0
      objectReference: {fileID: 0}
    - target: {fileID: 4262141111160162, guid: fe4d29b36e9625c4bad9e5eae56f840e, type: 2}
      propertyPath: m_LocalRotation.z
      value: -0
      objectReference: {fileID: 0}
    - target: {fileID: 4262141111160162, guid: fe4d29b36e9625c4bad9e5eae56f840e, type: 2}
      propertyPath: m_LocalRotation.w
      value: 1
      objectReference: {fileID: 0}
    - target: {fileID: 4262141111160162, guid: fe4d29b36e9625c4bad9e5eae56f840e, type: 2}
      propertyPath: m_RootOrder
      value: 5
      objectReference: {fileID: 0}
    - target: {fileID: 1955394608981094, guid: fe4d29b36e9625c4bad9e5eae56f840e, type: 2}
      propertyPath: m_Name
      value: SceneLoader
      objectReference: {fileID: 0}
    m_RemovedComponents: []
  m_SourcePrefab: {fileID: 100100000, guid: fe4d29b36e9625c4bad9e5eae56f840e, type: 2}
  m_IsPrefabAsset: 0
--- !u!1 &600007679
GameObject:
  m_ObjectHideFlags: 0
  m_CorrespondingSourceObject: {fileID: 0}
  m_PrefabInternal: {fileID: 0}
  serializedVersion: 6
  m_Component:
  - component: {fileID: 600007681}
  - component: {fileID: 600007680}
  m_Layer: 0
  m_Name: background
  m_TagString: Untagged
  m_Icon: {fileID: 0}
  m_NavMeshLayer: 0
  m_StaticEditorFlags: 0
  m_IsActive: 1
--- !u!212 &600007680
SpriteRenderer:
  m_ObjectHideFlags: 0
  m_CorrespondingSourceObject: {fileID: 0}
  m_PrefabInternal: {fileID: 0}
  m_GameObject: {fileID: 600007679}
  m_Enabled: 1
  m_CastShadows: 0
  m_ReceiveShadows: 0
  m_DynamicOccludee: 1
  m_MotionVectors: 1
  m_LightProbeUsage: 1
  m_ReflectionProbeUsage: 1
  m_RenderingLayerMask: 4294967295
  m_Materials:
  - {fileID: 10754, guid: 0000000000000000f000000000000000, type: 0}
  m_StaticBatchInfo:
    firstSubMesh: 0
    subMeshCount: 0
  m_StaticBatchRoot: {fileID: 0}
  m_ProbeAnchor: {fileID: 0}
  m_LightProbeVolumeOverride: {fileID: 0}
  m_ScaleInLightmap: 1
  m_PreserveUVs: 0
  m_IgnoreNormalsForChartDetection: 0
  m_ImportantGI: 0
  m_StitchLightmapSeams: 0
  m_SelectedEditorRenderState: 0
  m_MinimumChartSize: 4
  m_AutoUVMaxDistance: 0.5
  m_AutoUVMaxAngle: 89
  m_LightmapParameters: {fileID: 0}
  m_SortingLayerID: 0
  m_SortingLayer: 0
  m_SortingOrder: -1
  m_Sprite: {fileID: 21300000, guid: 908a1f9384dc80e4e9ba0e4b116d9aa4, type: 3}
  m_Color: {r: 0, g: 0.73032665, b: 1, a: 1}
  m_FlipX: 0
  m_FlipY: 0
  m_DrawMode: 0
  m_Size: {x: 19.2, y: 12.24}
  m_AdaptiveModeThreshold: 0.5
  m_SpriteTileMode: 0
  m_WasSpriteAssigned: 1
  m_MaskInteraction: 0
  m_SpriteSortPoint: 0
--- !u!4 &600007681
Transform:
  m_ObjectHideFlags: 0
  m_CorrespondingSourceObject: {fileID: 0}
  m_PrefabInternal: {fileID: 0}
  m_GameObject: {fileID: 600007679}
  m_LocalRotation: {x: -0, y: -0, z: -0, w: 1}
  m_LocalPosition: {x: 0, y: 0, z: -1.1089954}
  m_LocalScale: {x: 1, y: 1, z: 1}
  m_Children: []
  m_Father: {fileID: 1508523009}
  m_RootOrder: 0
  m_LocalEulerAnglesHint: {x: 0, y: 0, z: 0}
--- !u!1001 &608461123
Prefab:
  m_ObjectHideFlags: 0
  serializedVersion: 2
  m_Modification:
    m_TransformParent: {fileID: 0}
    m_Modifications:
    - target: {fileID: 4838985585840324, guid: 00363a0b4d32476438cf749aece8ab45, type: 2}
      propertyPath: m_LocalPosition.x
      value: 8
      objectReference: {fileID: 0}
    - target: {fileID: 4838985585840324, guid: 00363a0b4d32476438cf749aece8ab45, type: 2}
      propertyPath: m_LocalPosition.y
      value: 6
      objectReference: {fileID: 0}
    - target: {fileID: 4838985585840324, guid: 00363a0b4d32476438cf749aece8ab45, type: 2}
      propertyPath: m_LocalPosition.z
      value: -10
      objectReference: {fileID: 0}
    - target: {fileID: 4838985585840324, guid: 00363a0b4d32476438cf749aece8ab45, type: 2}
      propertyPath: m_LocalRotation.x
      value: 0
      objectReference: {fileID: 0}
    - target: {fileID: 4838985585840324, guid: 00363a0b4d32476438cf749aece8ab45, type: 2}
      propertyPath: m_LocalRotation.y
      value: 0
      objectReference: {fileID: 0}
    - target: {fileID: 4838985585840324, guid: 00363a0b4d32476438cf749aece8ab45, type: 2}
      propertyPath: m_LocalRotation.z
      value: 0
      objectReference: {fileID: 0}
    - target: {fileID: 4838985585840324, guid: 00363a0b4d32476438cf749aece8ab45, type: 2}
      propertyPath: m_LocalRotation.w
      value: 1
      objectReference: {fileID: 0}
    - target: {fileID: 4838985585840324, guid: 00363a0b4d32476438cf749aece8ab45, type: 2}
      propertyPath: m_RootOrder
      value: 0
      objectReference: {fileID: 0}
    m_RemovedComponents: []
  m_SourcePrefab: {fileID: 100100000, guid: 00363a0b4d32476438cf749aece8ab45, type: 2}
  m_IsPrefabAsset: 0
--- !u!1001 &660497146
Prefab:
  m_ObjectHideFlags: 0
  serializedVersion: 2
  m_Modification:
    m_TransformParent: {fileID: 1668066522}
    m_Modifications:
    - target: {fileID: 4567634283591626, guid: 2e46ad1a575810a4bab9165adcf78a13, type: 2}
      propertyPath: m_LocalPosition.x
      value: 10.42
      objectReference: {fileID: 0}
    - target: {fileID: 4567634283591626, guid: 2e46ad1a575810a4bab9165adcf78a13, type: 2}
      propertyPath: m_LocalPosition.y
      value: 5.383708
      objectReference: {fileID: 0}
    - target: {fileID: 4567634283591626, guid: 2e46ad1a575810a4bab9165adcf78a13, type: 2}
      propertyPath: m_LocalPosition.z
      value: 0
      objectReference: {fileID: 0}
    - target: {fileID: 4567634283591626, guid: 2e46ad1a575810a4bab9165adcf78a13, type: 2}
      propertyPath: m_LocalRotation.x
      value: -0
      objectReference: {fileID: 0}
    - target: {fileID: 4567634283591626, guid: 2e46ad1a575810a4bab9165adcf78a13, type: 2}
      propertyPath: m_LocalRotation.y
      value: -0
      objectReference: {fileID: 0}
    - target: {fileID: 4567634283591626, guid: 2e46ad1a575810a4bab9165adcf78a13, type: 2}
      propertyPath: m_LocalRotation.z
      value: -0
      objectReference: {fileID: 0}
    - target: {fileID: 4567634283591626, guid: 2e46ad1a575810a4bab9165adcf78a13, type: 2}
      propertyPath: m_LocalRotation.w
      value: 1
      objectReference: {fileID: 0}
    - target: {fileID: 4567634283591626, guid: 2e46ad1a575810a4bab9165adcf78a13, type: 2}
      propertyPath: m_RootOrder
      value: 10
      objectReference: {fileID: 0}
    - target: {fileID: 1063565519903516, guid: 2e46ad1a575810a4bab9165adcf78a13, type: 2}
      propertyPath: m_Name
      value: Unbreakable Block 1 (3)
      objectReference: {fileID: 0}
    m_RemovedComponents: []
  m_SourcePrefab: {fileID: 100100000, guid: 2e46ad1a575810a4bab9165adcf78a13, type: 2}
  m_IsPrefabAsset: 0
--- !u!4 &667953435 stripped
Transform:
  m_CorrespondingSourceObject: {fileID: 4567634283591626, guid: 2e46ad1a575810a4bab9165adcf78a13,
    type: 2}
  m_PrefabInternal: {fileID: 749987311}
--- !u!1 &737476593
GameObject:
  m_ObjectHideFlags: 0
  m_CorrespondingSourceObject: {fileID: 0}
  m_PrefabInternal: {fileID: 0}
  serializedVersion: 6
  m_Component:
  - component: {fileID: 737476596}
  - component: {fileID: 737476595}
  - component: {fileID: 737476594}
  m_Layer: 0
  m_Name: EventSystem
  m_TagString: Untagged
  m_Icon: {fileID: 0}
  m_NavMeshLayer: 0
  m_StaticEditorFlags: 0
  m_IsActive: 1
--- !u!114 &737476594
MonoBehaviour:
  m_ObjectHideFlags: 0
  m_CorrespondingSourceObject: {fileID: 0}
  m_PrefabInternal: {fileID: 0}
  m_GameObject: {fileID: 737476593}
  m_Enabled: 1
  m_EditorHideFlags: 0
  m_Script: {fileID: 1077351063, guid: f70555f144d8491a825f0804e09c671c, type: 3}
  m_Name: 
  m_EditorClassIdentifier: 
  m_HorizontalAxis: Horizontal
  m_VerticalAxis: Vertical
  m_SubmitButton: Submit
  m_CancelButton: Cancel
  m_InputActionsPerSecond: 10
  m_RepeatDelay: 0.5
  m_ForceModuleActive: 0
--- !u!114 &737476595
MonoBehaviour:
  m_ObjectHideFlags: 0
  m_CorrespondingSourceObject: {fileID: 0}
  m_PrefabInternal: {fileID: 0}
  m_GameObject: {fileID: 737476593}
  m_Enabled: 1
  m_EditorHideFlags: 0
  m_Script: {fileID: -619905303, guid: f70555f144d8491a825f0804e09c671c, type: 3}
  m_Name: 
  m_EditorClassIdentifier: 
  m_FirstSelected: {fileID: 0}
  m_sendNavigationEvents: 1
  m_DragThreshold: 10
--- !u!4 &737476596
Transform:
  m_ObjectHideFlags: 0
  m_CorrespondingSourceObject: {fileID: 0}
  m_PrefabInternal: {fileID: 0}
  m_GameObject: {fileID: 737476593}
  m_LocalRotation: {x: 0, y: 0, z: 0, w: 1}
  m_LocalPosition: {x: 0, y: 0, z: 0}
  m_LocalScale: {x: 1, y: 1, z: 1}
  m_Children: []
  m_Father: {fileID: 0}
  m_RootOrder: 5
  m_LocalEulerAnglesHint: {x: 0, y: 0, z: 0}
--- !u!1001 &749987311
Prefab:
  m_ObjectHideFlags: 0
  serializedVersion: 2
  m_Modification:
    m_TransformParent: {fileID: 1668066522}
    m_Modifications:
    - target: {fileID: 4567634283591626, guid: 2e46ad1a575810a4bab9165adcf78a13, type: 2}
      propertyPath: m_LocalPosition.x
      value: 8.42
      objectReference: {fileID: 0}
    - target: {fileID: 4567634283591626, guid: 2e46ad1a575810a4bab9165adcf78a13, type: 2}
      propertyPath: m_LocalPosition.y
      value: 5.383708
      objectReference: {fileID: 0}
    - target: {fileID: 4567634283591626, guid: 2e46ad1a575810a4bab9165adcf78a13, type: 2}
      propertyPath: m_LocalPosition.z
      value: 0
      objectReference: {fileID: 0}
    - target: {fileID: 4567634283591626, guid: 2e46ad1a575810a4bab9165adcf78a13, type: 2}
      propertyPath: m_LocalRotation.x
      value: -0
      objectReference: {fileID: 0}
    - target: {fileID: 4567634283591626, guid: 2e46ad1a575810a4bab9165adcf78a13, type: 2}
      propertyPath: m_LocalRotation.y
      value: -0
      objectReference: {fileID: 0}
    - target: {fileID: 4567634283591626, guid: 2e46ad1a575810a4bab9165adcf78a13, type: 2}
      propertyPath: m_LocalRotation.z
      value: -0
      objectReference: {fileID: 0}
    - target: {fileID: 4567634283591626, guid: 2e46ad1a575810a4bab9165adcf78a13, type: 2}
      propertyPath: m_LocalRotation.w
      value: 1
      objectReference: {fileID: 0}
    - target: {fileID: 4567634283591626, guid: 2e46ad1a575810a4bab9165adcf78a13, type: 2}
      propertyPath: m_RootOrder
      value: 8
      objectReference: {fileID: 0}
    - target: {fileID: 1063565519903516, guid: 2e46ad1a575810a4bab9165adcf78a13, type: 2}
      propertyPath: m_Name
      value: Unbreakable Block 1 (1)
      objectReference: {fileID: 0}
    m_RemovedComponents: []
  m_SourcePrefab: {fileID: 100100000, guid: 2e46ad1a575810a4bab9165adcf78a13, type: 2}
  m_IsPrefabAsset: 0
--- !u!1001 &937964057
Prefab:
  m_ObjectHideFlags: 0
  serializedVersion: 2
  m_Modification:
    m_TransformParent: {fileID: 1668066522}
    m_Modifications:
    - target: {fileID: 4567634283591626, guid: 2e46ad1a575810a4bab9165adcf78a13, type: 2}
      propertyPath: m_LocalPosition.x
      value: 7.4171214
      objectReference: {fileID: 0}
    - target: {fileID: 4567634283591626, guid: 2e46ad1a575810a4bab9165adcf78a13, type: 2}
      propertyPath: m_LocalPosition.y
      value: 5.383708
      objectReference: {fileID: 0}
    - target: {fileID: 4567634283591626, guid: 2e46ad1a575810a4bab9165adcf78a13, type: 2}
      propertyPath: m_LocalPosition.z
      value: 0
      objectReference: {fileID: 0}
    - target: {fileID: 4567634283591626, guid: 2e46ad1a575810a4bab9165adcf78a13, type: 2}
      propertyPath: m_LocalRotation.x
      value: -0
      objectReference: {fileID: 0}
    - target: {fileID: 4567634283591626, guid: 2e46ad1a575810a4bab9165adcf78a13, type: 2}
      propertyPath: m_LocalRotation.y
      value: -0
      objectReference: {fileID: 0}
    - target: {fileID: 4567634283591626, guid: 2e46ad1a575810a4bab9165adcf78a13, type: 2}
      propertyPath: m_LocalRotation.z
      value: -0
      objectReference: {fileID: 0}
    - target: {fileID: 4567634283591626, guid: 2e46ad1a575810a4bab9165adcf78a13, type: 2}
      propertyPath: m_LocalRotation.w
      value: 1
      objectReference: {fileID: 0}
    - target: {fileID: 4567634283591626, guid: 2e46ad1a575810a4bab9165adcf78a13, type: 2}
      propertyPath: m_RootOrder
      value: 0
      objectReference: {fileID: 0}
    m_RemovedComponents: []
  m_SourcePrefab: {fileID: 100100000, guid: 2e46ad1a575810a4bab9165adcf78a13, type: 2}
  m_IsPrefabAsset: 0
--- !u!4 &943833773 stripped
Transform:
  m_CorrespondingSourceObject: {fileID: 4567634283591626, guid: 9bcfd4c7c57e9dd49b7b0b0718cd26df,
    type: 2}
  m_PrefabInternal: {fileID: 1261346449}
--- !u!4 &1083082086 stripped
Transform:
  m_CorrespondingSourceObject: {fileID: 4567634283591626, guid: d34c67a30946eb042bc2cf44a00b28bf,
    type: 2}
  m_PrefabInternal: {fileID: 1950321557}
--- !u!1001 &1133908131
Prefab:
  m_ObjectHideFlags: 0
  serializedVersion: 2
  m_Modification:
    m_TransformParent: {fileID: 1668066522}
    m_Modifications:
    - target: {fileID: 4567634283591626, guid: c2aadd4f3519813418193d2b7cc1e949, type: 2}
      propertyPath: m_LocalPosition.x
      value: 10
      objectReference: {fileID: 0}
    - target: {fileID: 4567634283591626, guid: c2aadd4f3519813418193d2b7cc1e949, type: 2}
      propertyPath: m_LocalPosition.y
      value: 9
      objectReference: {fileID: 0}
    - target: {fileID: 4567634283591626, guid: c2aadd4f3519813418193d2b7cc1e949, type: 2}
      propertyPath: m_LocalPosition.z
      value: 0
      objectReference: {fileID: 0}
    - target: {fileID: 4567634283591626, guid: c2aadd4f3519813418193d2b7cc1e949, type: 2}
      propertyPath: m_LocalRotation.x
      value: -0
      objectReference: {fileID: 0}
    - target: {fileID: 4567634283591626, guid: c2aadd4f3519813418193d2b7cc1e949, type: 2}
      propertyPath: m_LocalRotation.y
      value: -0
      objectReference: {fileID: 0}
    - target: {fileID: 4567634283591626, guid: c2aadd4f3519813418193d2b7cc1e949, type: 2}
      propertyPath: m_LocalRotation.z
      value: -0
      objectReference: {fileID: 0}
    - target: {fileID: 4567634283591626, guid: c2aadd4f3519813418193d2b7cc1e949, type: 2}
      propertyPath: m_LocalRotation.w
      value: 1
      objectReference: {fileID: 0}
    - target: {fileID: 4567634283591626, guid: c2aadd4f3519813418193d2b7cc1e949, type: 2}
      propertyPath: m_RootOrder
      value: 3
      objectReference: {fileID: 0}
    - target: {fileID: 4567634283591626, guid: c2aadd4f3519813418193d2b7cc1e949, type: 2}
      propertyPath: m_LocalScale.x
      value: 2
      objectReference: {fileID: 0}
    - target: {fileID: 4567634283591626, guid: c2aadd4f3519813418193d2b7cc1e949, type: 2}
      propertyPath: m_LocalScale.y
      value: 2
      objectReference: {fileID: 0}
    m_RemovedComponents: []
  m_SourcePrefab: {fileID: 100100000, guid: c2aadd4f3519813418193d2b7cc1e949, type: 2}
  m_IsPrefabAsset: 0
--- !u!1001 &1200657504
Prefab:
  m_ObjectHideFlags: 0
  serializedVersion: 2
  m_Modification:
    m_TransformParent: {fileID: 1668066522}
    m_Modifications:
    - target: {fileID: 4567634283591626, guid: d34c67a30946eb042bc2cf44a00b28bf, type: 2}
      propertyPath: m_LocalPosition.x
      value: 6
      objectReference: {fileID: 0}
    - target: {fileID: 4567634283591626, guid: d34c67a30946eb042bc2cf44a00b28bf, type: 2}
      propertyPath: m_LocalPosition.y
      value: 8.42
      objectReference: {fileID: 0}
    - target: {fileID: 4567634283591626, guid: d34c67a30946eb042bc2cf44a00b28bf, type: 2}
      propertyPath: m_LocalPosition.z
      value: 0
      objectReference: {fileID: 0}
    - target: {fileID: 4567634283591626, guid: d34c67a30946eb042bc2cf44a00b28bf, type: 2}
      propertyPath: m_LocalRotation.x
      value: -0
      objectReference: {fileID: 0}
    - target: {fileID: 4567634283591626, guid: d34c67a30946eb042bc2cf44a00b28bf, type: 2}
      propertyPath: m_LocalRotation.y
      value: -0
      objectReference: {fileID: 0}
    - target: {fileID: 4567634283591626, guid: d34c67a30946eb042bc2cf44a00b28bf, type: 2}
      propertyPath: m_LocalRotation.z
      value: -0
      objectReference: {fileID: 0}
    - target: {fileID: 4567634283591626, guid: d34c67a30946eb042bc2cf44a00b28bf, type: 2}
      propertyPath: m_LocalRotation.w
      value: 1
      objectReference: {fileID: 0}
    - target: {fileID: 4567634283591626, guid: d34c67a30946eb042bc2cf44a00b28bf, type: 2}
      propertyPath: m_RootOrder
      value: 4
      objectReference: {fileID: 0}
    - target: {fileID: 1063565519903516, guid: d34c67a30946eb042bc2cf44a00b28bf, type: 2}
      propertyPath: m_Name
      value: 2 Hit Breakable Block (1)
      objectReference: {fileID: 0}
    m_RemovedComponents: []
  m_SourcePrefab: {fileID: 100100000, guid: d34c67a30946eb042bc2cf44a00b28bf, type: 2}
  m_IsPrefabAsset: 0
--- !u!1 &1224231196
GameObject:
  m_ObjectHideFlags: 0
  m_CorrespondingSourceObject: {fileID: 0}
  m_PrefabInternal: {fileID: 0}
  serializedVersion: 6
  m_Component:
  - component: {fileID: 1224231197}
  - component: {fileID: 1224231198}
  m_Layer: 0
  m_Name: Left Wall
  m_TagString: Untagged
  m_Icon: {fileID: 0}
  m_NavMeshLayer: 0
  m_StaticEditorFlags: 0
  m_IsActive: 1
--- !u!4 &1224231197
Transform:
  m_ObjectHideFlags: 0
  m_CorrespondingSourceObject: {fileID: 0}
  m_PrefabInternal: {fileID: 0}
  m_GameObject: {fileID: 1224231196}
  m_LocalRotation: {x: 0, y: 0, z: 0, w: 1}
  m_LocalPosition: {x: -0.5, y: 6, z: 0}
  m_LocalScale: {x: 1, y: 1, z: 1}
  m_Children: []
  m_Father: {fileID: 1508523009}
  m_RootOrder: 2
  m_LocalEulerAnglesHint: {x: 0, y: 0, z: 0}
--- !u!61 &1224231198
BoxCollider2D:
  m_ObjectHideFlags: 0
  m_CorrespondingSourceObject: {fileID: 0}
  m_PrefabInternal: {fileID: 0}
  m_GameObject: {fileID: 1224231196}
  m_Enabled: 1
  m_Density: 1
  m_Material: {fileID: 0}
  m_IsTrigger: 0
  m_UsedByEffector: 0
  m_UsedByComposite: 0
  m_Offset: {x: 0, y: 0}
  m_SpriteTilingProperty:
    border: {x: 0, y: 0, z: 0, w: 0}
    pivot: {x: 0, y: 0}
    oldSize: {x: 0, y: 0}
    newSize: {x: 0, y: 0}
    adaptiveTilingThreshold: 0
    drawMode: 0
    adaptiveTiling: 0
  m_AutoTiling: 0
  serializedVersion: 2
  m_Size: {x: 1, y: 12}
  m_EdgeRadius: 0
--- !u!1001 &1261346449
Prefab:
  m_ObjectHideFlags: 0
  serializedVersion: 2
  m_Modification:
    m_TransformParent: {fileID: 1668066522}
    m_Modifications:
    - target: {fileID: 4567634283591626, guid: 9bcfd4c7c57e9dd49b7b0b0718cd26df, type: 2}
      propertyPath: m_LocalPosition.x
      value: 12.510702
      objectReference: {fileID: 0}
    - target: {fileID: 4567634283591626, guid: 9bcfd4c7c57e9dd49b7b0b0718cd26df, type: 2}
      propertyPath: m_LocalPosition.y
      value: 8.46
      objectReference: {fileID: 0}
    - target: {fileID: 4567634283591626, guid: 9bcfd4c7c57e9dd49b7b0b0718cd26df, type: 2}
      propertyPath: m_LocalPosition.z
      value: 0
      objectReference: {fileID: 0}
    - target: {fileID: 4567634283591626, guid: 9bcfd4c7c57e9dd49b7b0b0718cd26df, type: 2}
      propertyPath: m_LocalRotation.x
      value: -0
      objectReference: {fileID: 0}
    - target: {fileID: 4567634283591626, guid: 9bcfd4c7c57e9dd49b7b0b0718cd26df, type: 2}
      propertyPath: m_LocalRotation.y
      value: -0
      objectReference: {fileID: 0}
    - target: {fileID: 4567634283591626, guid: 9bcfd4c7c57e9dd49b7b0b0718cd26df, type: 2}
      propertyPath: m_LocalRotation.z
      value: -0
      objectReference: {fileID: 0}
    - target: {fileID: 4567634283591626, guid: 9bcfd4c7c57e9dd49b7b0b0718cd26df, type: 2}
      propertyPath: m_LocalRotation.w
      value: 1
      objectReference: {fileID: 0}
    - target: {fileID: 4567634283591626, guid: 9bcfd4c7c57e9dd49b7b0b0718cd26df, type: 2}
      propertyPath: m_RootOrder
      value: 6
      objectReference: {fileID: 0}
    - target: {fileID: 1063565519903516, guid: 9bcfd4c7c57e9dd49b7b0b0718cd26df, type: 2}
      propertyPath: m_Name
      value: 1 Hit Breakable Block (1)
      objectReference: {fileID: 0}
    m_RemovedComponents: []
  m_SourcePrefab: {fileID: 100100000, guid: 9bcfd4c7c57e9dd49b7b0b0718cd26df, type: 2}
  m_IsPrefabAsset: 0
--- !u!1001 &1290541484
Prefab:
  m_ObjectHideFlags: 0
  serializedVersion: 2
  m_Modification:
    m_TransformParent: {fileID: 0}
    m_Modifications:
    - target: {fileID: 4838881192808832, guid: 93d417d48757d7a43a73b5e691cd0d20, type: 2}
      propertyPath: m_LocalPosition.x
      value: 5.299984
      objectReference: {fileID: 0}
    - target: {fileID: 4838881192808832, guid: 93d417d48757d7a43a73b5e691cd0d20, type: 2}
      propertyPath: m_LocalPosition.y
      value: 2.1650248
      objectReference: {fileID: 0}
    - target: {fileID: 4838881192808832, guid: 93d417d48757d7a43a73b5e691cd0d20, type: 2}
      propertyPath: m_LocalPosition.z
      value: -1.798572
      objectReference: {fileID: 0}
    - target: {fileID: 4838881192808832, guid: 93d417d48757d7a43a73b5e691cd0d20, type: 2}
      propertyPath: m_LocalRotation.x
      value: 0
      objectReference: {fileID: 0}
    - target: {fileID: 4838881192808832, guid: 93d417d48757d7a43a73b5e691cd0d20, type: 2}
      propertyPath: m_LocalRotation.y
      value: 0
      objectReference: {fileID: 0}
    - target: {fileID: 4838881192808832, guid: 93d417d48757d7a43a73b5e691cd0d20, type: 2}
      propertyPath: m_LocalRotation.z
      value: 0
      objectReference: {fileID: 0}
    - target: {fileID: 4838881192808832, guid: 93d417d48757d7a43a73b5e691cd0d20, type: 2}
      propertyPath: m_LocalRotation.w
      value: 1
      objectReference: {fileID: 0}
    - target: {fileID: 4838881192808832, guid: 93d417d48757d7a43a73b5e691cd0d20, type: 2}
      propertyPath: m_RootOrder
      value: 3
      objectReference: {fileID: 0}
    m_RemovedComponents: []
  m_SourcePrefab: {fileID: 100100000, guid: 93d417d48757d7a43a73b5e691cd0d20, type: 2}
  m_IsPrefabAsset: 0
--- !u!4 &1331695916 stripped
Transform:
  m_CorrespondingSourceObject: {fileID: 4567634283591626, guid: d34c67a30946eb042bc2cf44a00b28bf,
    type: 2}
  m_PrefabInternal: {fileID: 2096354390}
--- !u!1 &1508523008
GameObject:
  m_ObjectHideFlags: 0
  m_CorrespondingSourceObject: {fileID: 0}
  m_PrefabInternal: {fileID: 0}
  serializedVersion: 6
  m_Component:
  - component: {fileID: 1508523009}
  m_Layer: 0
  m_Name: Place Space
  m_TagString: Untagged
  m_Icon: {fileID: 0}
  m_NavMeshLayer: 0
  m_StaticEditorFlags: 0
  m_IsActive: 1
--- !u!4 &1508523009
Transform:
  m_ObjectHideFlags: 0
  m_CorrespondingSourceObject: {fileID: 0}
  m_PrefabInternal: {fileID: 0}
  m_GameObject: {fileID: 1508523008}
  m_LocalRotation: {x: 0, y: 0, z: 0, w: 1}
  m_LocalPosition: {x: 0, y: 0, z: 0}
  m_LocalScale: {x: 1, y: 1, z: 1}
  m_Children:
  - {fileID: 600007681}
  - {fileID: 1908106743}
  - {fileID: 1224231197}
  - {fileID: 1980531829}
  - {fileID: 392473346}
  - {fileID: 1814095329}
  m_Father: {fileID: 0}
  m_RootOrder: 6
  m_LocalEulerAnglesHint: {x: 0, y: 0, z: 0}
--- !u!114 &1574379596 stripped
MonoBehaviour:
  m_CorrespondingSourceObject: {fileID: 114783506595479938, guid: 39000ca8e93685742aa10473e8ef0cae,
    type: 2}
  m_PrefabInternal: {fileID: 2003429766}
  m_Script: {fileID: 11500000, guid: aa06347f7c71c1e4fbfd93172ec964dc, type: 3}
--- !u!1001 &1593588291
Prefab:
  m_ObjectHideFlags: 0
  serializedVersion: 2
  m_Modification:
    m_TransformParent: {fileID: 1668066522}
    m_Modifications:
    - target: {fileID: 4567634283591626, guid: 2e46ad1a575810a4bab9165adcf78a13, type: 2}
      propertyPath: m_LocalPosition.x
      value: 9.42
      objectReference: {fileID: 0}
    - target: {fileID: 4567634283591626, guid: 2e46ad1a575810a4bab9165adcf78a13, type: 2}
      propertyPath: m_LocalPosition.y
      value: 5.383708
      objectReference: {fileID: 0}
    - target: {fileID: 4567634283591626, guid: 2e46ad1a575810a4bab9165adcf78a13, type: 2}
      propertyPath: m_LocalPosition.z
      value: 0
      objectReference: {fileID: 0}
    - target: {fileID: 4567634283591626, guid: 2e46ad1a575810a4bab9165adcf78a13, type: 2}
      propertyPath: m_LocalRotation.x
      value: -0
      objectReference: {fileID: 0}
    - target: {fileID: 4567634283591626, guid: 2e46ad1a575810a4bab9165adcf78a13, type: 2}
      propertyPath: m_LocalRotation.y
      value: -0
      objectReference: {fileID: 0}
    - target: {fileID: 4567634283591626, guid: 2e46ad1a575810a4bab9165adcf78a13, type: 2}
      propertyPath: m_LocalRotation.z
      value: -0
      objectReference: {fileID: 0}
    - target: {fileID: 4567634283591626, guid: 2e46ad1a575810a4bab9165adcf78a13, type: 2}
      propertyPath: m_LocalRotation.w
      value: 1
      objectReference: {fileID: 0}
    - target: {fileID: 4567634283591626, guid: 2e46ad1a575810a4bab9165adcf78a13, type: 2}
      propertyPath: m_RootOrder
      value: 9
      objectReference: {fileID: 0}
    - target: {fileID: 1063565519903516, guid: 2e46ad1a575810a4bab9165adcf78a13, type: 2}
      propertyPath: m_Name
      value: Unbreakable Block 1 (2)
      objectReference: {fileID: 0}
    m_RemovedComponents: []
  m_SourcePrefab: {fileID: 100100000, guid: 2e46ad1a575810a4bab9165adcf78a13, type: 2}
  m_IsPrefabAsset: 0
--- !u!1 &1668066521
GameObject:
  m_ObjectHideFlags: 0
  m_CorrespondingSourceObject: {fileID: 0}
  m_PrefabInternal: {fileID: 0}
  serializedVersion: 6
  m_Component:
  - component: {fileID: 1668066522}
  m_Layer: 0
  m_Name: Blocks
  m_TagString: Untagged
  m_Icon: {fileID: 0}
  m_NavMeshLayer: 0
  m_StaticEditorFlags: 0
  m_IsActive: 1
--- !u!4 &1668066522
Transform:
  m_ObjectHideFlags: 0
  m_CorrespondingSourceObject: {fileID: 0}
  m_PrefabInternal: {fileID: 0}
  m_GameObject: {fileID: 1668066521}
  m_LocalRotation: {x: 0, y: 0, z: 0, w: 1}
  m_LocalPosition: {x: 0, y: 0, z: 0}
  m_LocalScale: {x: 1, y: 1, z: 1}
  m_Children:
  - {fileID: 449093555}
  - {fileID: 2071007248}
  - {fileID: 1331695916}
  - {fileID: 2038626326}
  - {fileID: 1714486424}
  - {fileID: 1083082086}
  - {fileID: 943833773}
  - {fileID: 239222258}
  - {fileID: 667953435}
  - {fileID: 235853607}
  - {fileID: 1802222559}
  m_Father: {fileID: 0}
  m_RootOrder: 7
  m_LocalEulerAnglesHint: {x: 0, y: 0, z: 0}
--- !u!4 &1714486424 stripped
Transform:
  m_CorrespondingSourceObject: {fileID: 4567634283591626, guid: d34c67a30946eb042bc2cf44a00b28bf,
    type: 2}
  m_PrefabInternal: {fileID: 1200657504}
--- !u!4 &1802222559 stripped
Transform:
  m_CorrespondingSourceObject: {fileID: 4567634283591626, guid: 2e46ad1a575810a4bab9165adcf78a13,
    type: 2}
  m_PrefabInternal: {fileID: 660497146}
--- !u!4 &1814095329 stripped
Transform:
  m_CorrespondingSourceObject: {fileID: 4262141111160162, guid: fe4d29b36e9625c4bad9e5eae56f840e,
    type: 2}
  m_PrefabInternal: {fileID: 552905349}
--- !u!1 &1908106740
GameObject:
  m_ObjectHideFlags: 0
  m_CorrespondingSourceObject: {fileID: 0}
  m_PrefabInternal: {fileID: 0}
  serializedVersion: 6
  m_Component:
  - component: {fileID: 1908106743}
  - component: {fileID: 1908106742}
  - component: {fileID: 1908106741}
  m_Layer: 0
  m_Name: Lose Collider
  m_TagString: Untagged
  m_Icon: {fileID: 0}
  m_NavMeshLayer: 0
  m_StaticEditorFlags: 0
  m_IsActive: 1
--- !u!114 &1908106741
MonoBehaviour:
  m_ObjectHideFlags: 0
  m_CorrespondingSourceObject: {fileID: 0}
  m_PrefabInternal: {fileID: 0}
  m_GameObject: {fileID: 1908106740}
  m_Enabled: 1
  m_EditorHideFlags: 0
  m_Script: {fileID: 11500000, guid: 0bea61fc4a8bd5f43bfea02ddd1ae038, type: 3}
  m_Name: 
  m_EditorClassIdentifier: 
--- !u!61 &1908106742
BoxCollider2D:
  m_ObjectHideFlags: 0
  m_CorrespondingSourceObject: {fileID: 0}
  m_PrefabInternal: {fileID: 0}
  m_GameObject: {fileID: 1908106740}
  m_Enabled: 1
  m_Density: 1
  m_Material: {fileID: 0}
  m_IsTrigger: 1
  m_UsedByEffector: 0
  m_UsedByComposite: 0
  m_Offset: {x: 10.199879, y: 0}
  m_SpriteTilingProperty:
    border: {x: 0, y: 0, z: 0, w: 0}
    pivot: {x: 0, y: 0}
    oldSize: {x: 0, y: 0}
    newSize: {x: 0, y: 0}
    adaptiveTilingThreshold: 0
    drawMode: 0
    adaptiveTiling: 0
  m_AutoTiling: 0
  serializedVersion: 2
  m_Size: {x: 21.729671, y: 1}
  m_EdgeRadius: 0
--- !u!4 &1908106743
Transform:
  m_ObjectHideFlags: 0
  m_CorrespondingSourceObject: {fileID: 0}
  m_PrefabInternal: {fileID: 0}
  m_GameObject: {fileID: 1908106740}
  m_LocalRotation: {x: -0, y: -0, z: -0, w: 1}
  m_LocalPosition: {x: -1.78, y: -0.86, z: -0.108995445}
  m_LocalScale: {x: 1, y: 1, z: 1}
  m_Children: []
  m_Father: {fileID: 1508523009}
  m_RootOrder: 1
  m_LocalEulerAnglesHint: {x: 0, y: 0, z: 0}
--- !u!1001 &1950321557
Prefab:
  m_ObjectHideFlags: 0
  serializedVersion: 2
  m_Modification:
    m_TransformParent: {fileID: 1668066522}
    m_Modifications:
    - target: {fileID: 4567634283591626, guid: d34c67a30946eb042bc2cf44a00b28bf, type: 2}
      propertyPath: m_LocalPosition.x
      value: 6
      objectReference: {fileID: 0}
    - target: {fileID: 4567634283591626, guid: d34c67a30946eb042bc2cf44a00b28bf, type: 2}
      propertyPath: m_LocalPosition.y
      value: 7.42
      objectReference: {fileID: 0}
    - target: {fileID: 4567634283591626, guid: d34c67a30946eb042bc2cf44a00b28bf, type: 2}
      propertyPath: m_LocalPosition.z
      value: 0
      objectReference: {fileID: 0}
    - target: {fileID: 4567634283591626, guid: d34c67a30946eb042bc2cf44a00b28bf, type: 2}
      propertyPath: m_LocalRotation.x
      value: -0
      objectReference: {fileID: 0}
    - target: {fileID: 4567634283591626, guid: d34c67a30946eb042bc2cf44a00b28bf, type: 2}
      propertyPath: m_LocalRotation.y
      value: -0
      objectReference: {fileID: 0}
    - target: {fileID: 4567634283591626, guid: d34c67a30946eb042bc2cf44a00b28bf, type: 2}
      propertyPath: m_LocalRotation.z
      value: -0
      objectReference: {fileID: 0}
    - target: {fileID: 4567634283591626, guid: d34c67a30946eb042bc2cf44a00b28bf, type: 2}
      propertyPath: m_LocalRotation.w
      value: 1
      objectReference: {fileID: 0}
    - target: {fileID: 4567634283591626, guid: d34c67a30946eb042bc2cf44a00b28bf, type: 2}
      propertyPath: m_RootOrder
      value: 5
      objectReference: {fileID: 0}
    - target: {fileID: 1063565519903516, guid: d34c67a30946eb042bc2cf44a00b28bf, type: 2}
      propertyPath: m_Name
      value: 2 Hit Breakable Block (2)
      objectReference: {fileID: 0}
    m_RemovedComponents: []
  m_SourcePrefab: {fileID: 100100000, guid: d34c67a30946eb042bc2cf44a00b28bf, type: 2}
  m_IsPrefabAsset: 0
--- !u!1001 &1956154238
Prefab:
  m_ObjectHideFlags: 0
  serializedVersion: 2
  m_Modification:
    m_TransformParent: {fileID: 1668066522}
    m_Modifications:
    - target: {fileID: 4567634283591626, guid: 9bcfd4c7c57e9dd49b7b0b0718cd26df, type: 2}
      propertyPath: m_LocalPosition.x
      value: 12.510702
      objectReference: {fileID: 0}
    - target: {fileID: 4567634283591626, guid: 9bcfd4c7c57e9dd49b7b0b0718cd26df, type: 2}
      propertyPath: m_LocalPosition.y
      value: 9.463384
      objectReference: {fileID: 0}
    - target: {fileID: 4567634283591626, guid: 9bcfd4c7c57e9dd49b7b0b0718cd26df, type: 2}
      propertyPath: m_LocalPosition.z
      value: 0
      objectReference: {fileID: 0}
    - target: {fileID: 4567634283591626, guid: 9bcfd4c7c57e9dd49b7b0b0718cd26df, type: 2}
      propertyPath: m_LocalRotation.x
      value: -0
      objectReference: {fileID: 0}
    - target: {fileID: 4567634283591626, guid: 9bcfd4c7c57e9dd49b7b0b0718cd26df, type: 2}
      propertyPath: m_LocalRotation.y
      value: -0
      objectReference: {fileID: 0}
    - target: {fileID: 4567634283591626, guid: 9bcfd4c7c57e9dd49b7b0b0718cd26df, type: 2}
      propertyPath: m_LocalRotation.z
      value: -0
      objectReference: {fileID: 0}
    - target: {fileID: 4567634283591626, guid: 9bcfd4c7c57e9dd49b7b0b0718cd26df, type: 2}
      propertyPath: m_LocalRotation.w
      value: 1
      objectReference: {fileID: 0}
    - target: {fileID: 4567634283591626, guid: 9bcfd4c7c57e9dd49b7b0b0718cd26df, type: 2}
      propertyPath: m_RootOrder
      value: 1
      objectReference: {fileID: 0}
    m_RemovedComponents: []
  m_SourcePrefab: {fileID: 100100000, guid: 9bcfd4c7c57e9dd49b7b0b0718cd26df, type: 2}
  m_IsPrefabAsset: 0
--- !u!1 &1980531828
GameObject:
  m_ObjectHideFlags: 0
  m_CorrespondingSourceObject: {fileID: 0}
  m_PrefabInternal: {fileID: 0}
  serializedVersion: 6
  m_Component:
  - component: {fileID: 1980531829}
  - component: {fileID: 1980531830}
  m_Layer: 0
  m_Name: Right wall
  m_TagString: Untagged
  m_Icon: {fileID: 0}
  m_NavMeshLayer: 0
  m_StaticEditorFlags: 0
  m_IsActive: 1
--- !u!4 &1980531829
Transform:
  m_ObjectHideFlags: 0
  m_CorrespondingSourceObject: {fileID: 0}
  m_PrefabInternal: {fileID: 0}
  m_GameObject: {fileID: 1980531828}
  m_LocalRotation: {x: -0, y: -0, z: -0, w: 1}
  m_LocalPosition: {x: 16.5, y: 6, z: 0}
  m_LocalScale: {x: 1, y: 1, z: 1}
  m_Children: []
  m_Father: {fileID: 1508523009}
  m_RootOrder: 3
  m_LocalEulerAnglesHint: {x: 0, y: 0, z: 0}
--- !u!61 &1980531830
BoxCollider2D:
  m_ObjectHideFlags: 0
  m_CorrespondingSourceObject: {fileID: 0}
  m_PrefabInternal: {fileID: 0}
  m_GameObject: {fileID: 1980531828}
  m_Enabled: 1
  m_Density: 1
  m_Material: {fileID: 0}
  m_IsTrigger: 0
  m_UsedByEffector: 0
  m_UsedByComposite: 0
  m_Offset: {x: 0, y: 0}
  m_SpriteTilingProperty:
    border: {x: 0, y: 0, z: 0, w: 0}
    pivot: {x: 0, y: 0}
    oldSize: {x: 0, y: 0}
    newSize: {x: 0, y: 0}
    adaptiveTilingThreshold: 0
    drawMode: 0
    adaptiveTiling: 0
  m_AutoTiling: 0
  serializedVersion: 2
  m_Size: {x: 1, y: 12}
  m_EdgeRadius: 0
--- !u!1001 &2003429766
Prefab:
  m_ObjectHideFlags: 0
  serializedVersion: 2
  m_Modification:
    m_TransformParent: {fileID: 0}
    m_Modifications:
    - target: {fileID: 4761284345811420, guid: 39000ca8e93685742aa10473e8ef0cae, type: 2}
      propertyPath: m_LocalPosition.x
      value: 1
      objectReference: {fileID: 0}
    - target: {fileID: 4761284345811420, guid: 39000ca8e93685742aa10473e8ef0cae, type: 2}
      propertyPath: m_LocalPosition.y
      value: 0.25
      objectReference: {fileID: 0}
    - target: {fileID: 4761284345811420, guid: 39000ca8e93685742aa10473e8ef0cae, type: 2}
      propertyPath: m_LocalPosition.z
      value: 0
      objectReference: {fileID: 0}
    - target: {fileID: 4761284345811420, guid: 39000ca8e93685742aa10473e8ef0cae, type: 2}
      propertyPath: m_LocalRotation.x
      value: -0
      objectReference: {fileID: 0}
    - target: {fileID: 4761284345811420, guid: 39000ca8e93685742aa10473e8ef0cae, type: 2}
      propertyPath: m_LocalRotation.y
      value: -0
      objectReference: {fileID: 0}
    - target: {fileID: 4761284345811420, guid: 39000ca8e93685742aa10473e8ef0cae, type: 2}
      propertyPath: m_LocalRotation.z
      value: -0
      objectReference: {fileID: 0}
    - target: {fileID: 4761284345811420, guid: 39000ca8e93685742aa10473e8ef0cae, type: 2}
      propertyPath: m_LocalRotation.w
      value: 1
      objectReference: {fileID: 0}
    - target: {fileID: 4761284345811420, guid: 39000ca8e93685742aa10473e8ef0cae, type: 2}
      propertyPath: m_RootOrder
      value: 1
      objectReference: {fileID: 0}
    - target: {fileID: 4761284345811420, guid: 39000ca8e93685742aa10473e8ef0cae, type: 2}
      propertyPath: m_LocalScale.x
      value: 1
      objectReference: {fileID: 0}
    - target: {fileID: 4761284345811420, guid: 39000ca8e93685742aa10473e8ef0cae, type: 2}
      propertyPath: m_LocalScale.y
      value: 1
      objectReference: {fileID: 0}
    m_RemovedComponents: []
  m_SourcePrefab: {fileID: 100100000, guid: 39000ca8e93685742aa10473e8ef0cae, type: 2}
  m_IsPrefabAsset: 0
--- !u!4 &2038626326 stripped
Transform:
  m_CorrespondingSourceObject: {fileID: 4567634283591626, guid: c2aadd4f3519813418193d2b7cc1e949,
    type: 2}
  m_PrefabInternal: {fileID: 1133908131}
--- !u!4 &2071007248 stripped
Transform:
  m_CorrespondingSourceObject: {fileID: 4567634283591626, guid: 9bcfd4c7c57e9dd49b7b0b0718cd26df,
    type: 2}
  m_PrefabInternal: {fileID: 1956154238}
--- !u!1001 &2096354390
Prefab:
  m_ObjectHideFlags: 0
  serializedVersion: 2
  m_Modification:
    m_TransformParent: {fileID: 1668066522}
    m_Modifications:
    - target: {fileID: 4567634283591626, guid: d34c67a30946eb042bc2cf44a00b28bf, type: 2}
      propertyPath: m_LocalPosition.x
      value: 6
      objectReference: {fileID: 0}
    - target: {fileID: 4567634283591626, guid: d34c67a30946eb042bc2cf44a00b28bf, type: 2}
      propertyPath: m_LocalPosition.y
      value: 9.42
      objectReference: {fileID: 0}
    - target: {fileID: 4567634283591626, guid: d34c67a30946eb042bc2cf44a00b28bf, type: 2}
      propertyPath: m_LocalPosition.z
      value: 0
      objectReference: {fileID: 0}
    - target: {fileID: 4567634283591626, guid: d34c67a30946eb042bc2cf44a00b28bf, type: 2}
      propertyPath: m_LocalRotation.x
      value: -0
      objectReference: {fileID: 0}
    - target: {fileID: 4567634283591626, guid: d34c67a30946eb042bc2cf44a00b28bf, type: 2}
      propertyPath: m_LocalRotation.y
      value: -0
      objectReference: {fileID: 0}
    - target: {fileID: 4567634283591626, guid: d34c67a30946eb042bc2cf44a00b28bf, type: 2}
      propertyPath: m_LocalRotation.z
      value: -0
      objectReference: {fileID: 0}
    - target: {fileID: 4567634283591626, guid: d34c67a30946eb042bc2cf44a00b28bf, type: 2}
      propertyPath: m_LocalRotation.w
      value: 1
      objectReference: {fileID: 0}
    - target: {fileID: 4567634283591626, guid: d34c67a30946eb042bc2cf44a00b28bf, type: 2}
      propertyPath: m_RootOrder
      value: 2
      objectReference: {fileID: 0}
    m_RemovedComponents: []
  m_SourcePrefab: {fileID: 100100000, guid: d34c67a30946eb042bc2cf44a00b28bf, type: 2}
  m_IsPrefabAsset: 0
