%YAML 1.1
%TAG !u! tag:unity3d.com,2011:
--- !u!29 &1
OcclusionCullingSettings:
  m_ObjectHideFlags: 0
  serializedVersion: 2
  m_OcclusionBakeSettings:
    smallestOccluder: 5
    smallestHole: 0.25
    backfaceThreshold: 100
  m_SceneGUID: 00000000000000000000000000000000
  m_OcclusionCullingData: {fileID: 0}
--- !u!104 &2
RenderSettings:
  m_ObjectHideFlags: 0
  serializedVersion: 9
  m_Fog: 0
  m_FogColor: {r: 0.5, g: 0.5, b: 0.5, a: 1}
  m_FogMode: 3
  m_FogDensity: 0.01
  m_LinearFogStart: 0
  m_LinearFogEnd: 300
  m_AmbientSkyColor: {r: 0.212, g: 0.227, b: 0.259, a: 1}
  m_AmbientEquatorColor: {r: 0.114, g: 0.125, b: 0.133, a: 1}
  m_AmbientGroundColor: {r: 0.047, g: 0.043, b: 0.035, a: 1}
  m_AmbientIntensity: 1
  m_AmbientMode: 0
  m_SubtractiveShadowColor: {r: 0.42, g: 0.478, b: 0.627, a: 1}
  m_SkyboxMaterial: {fileID: 10304, guid: 0000000000000000f000000000000000, type: 0}
  m_HaloStrength: 0.5
  m_FlareStrength: 1
  m_FlareFadeSpeed: 3
  m_HaloTexture: {fileID: 0}
  m_SpotCookie: {fileID: 10001, guid: 0000000000000000e000000000000000, type: 0}
  m_DefaultReflectionMode: 0
  m_DefaultReflectionResolution: 128
  m_ReflectionBounces: 1
  m_ReflectionIntensity: 1
  m_CustomReflection: {fileID: 0}
  m_Sun: {fileID: 0}
  m_IndirectSpecularColor: {r: 0.37311926, g: 0.38073996, b: 0.35872698, a: 1}
  m_UseRadianceAmbientProbe: 0
--- !u!157 &3
LightmapSettings:
  m_ObjectHideFlags: 0
  serializedVersion: 11
  m_GIWorkflowMode: 0
  m_GISettings:
    serializedVersion: 2
    m_BounceScale: 1
    m_IndirectOutputScale: 1
    m_AlbedoBoost: 1
    m_TemporalCoherenceThreshold: 1
    m_EnvironmentLightingMode: 0
    m_EnableBakedLightmaps: 1
    m_EnableRealtimeLightmaps: 0
  m_LightmapEditorSettings:
    serializedVersion: 10
    m_Resolution: 2
    m_BakeResolution: 10
    m_AtlasSize: 512
    m_AO: 0
    m_AOMaxDistance: 1
    m_CompAOExponent: 1
    m_CompAOExponentDirect: 0
    m_Padding: 2
    m_LightmapParameters: {fileID: 0}
    m_LightmapsBakeMode: 1
    m_TextureCompression: 1
    m_FinalGather: 0
    m_FinalGatherFiltering: 1
    m_FinalGatherRayCount: 256
    m_ReflectionCompression: 2
    m_MixedBakeMode: 2
    m_BakeBackend: 1
    m_PVRSampling: 1
    m_PVRDirectSampleCount: 32
    m_PVRSampleCount: 256
    m_PVRBounces: 2
    m_PVRFilterTypeDirect: 0
    m_PVRFilterTypeIndirect: 0
    m_PVRFilterTypeAO: 0
    m_PVRFilteringMode: 1
    m_PVRCulling: 1
    m_PVRFilteringGaussRadiusDirect: 1
    m_PVRFilteringGaussRadiusIndirect: 5
    m_PVRFilteringGaussRadiusAO: 2
    m_PVRFilteringAtrousPositionSigmaDirect: 0.5
    m_PVRFilteringAtrousPositionSigmaIndirect: 2
    m_PVRFilteringAtrousPositionSigmaAO: 1
    m_ShowResolutionOverlay: 1
  m_LightingDataAsset: {fileID: 0}
  m_UseShadowmask: 1
--- !u!196 &4
NavMeshSettings:
  serializedVersion: 2
  m_ObjectHideFlags: 0
  m_BuildSettings:
    serializedVersion: 2
    agentTypeID: 0
    agentRadius: 0.5
    agentHeight: 2
    agentSlope: 45
    agentClimb: 0.4
    ledgeDropHeight: 0
    maxJumpAcrossDistance: 0
    minRegionArea: 2
    manualCellSize: 0
    cellSize: 0.16666667
    manualTileSize: 0
    tileSize: 256
    accuratePlacement: 0
    debug:
      m_Flags: 0
  m_NavMeshData: {fileID: 0}
--- !u!1 &6999864 stripped
GameObject:
  m_CorrespondingSourceObject: {fileID: 1308718459388078, guid: 2fd793678dad37c41a8012af9c6c5c51,
    type: 2}
  m_PrefabInternal: {fileID: 1540965744}
--- !u!114 &6999865
MonoBehaviour:
  m_ObjectHideFlags: 0
  m_CorrespondingSourceObject: {fileID: 0}
  m_PrefabInternal: {fileID: 0}
  m_GameObject: {fileID: 6999864}
  m_Enabled: 1
  m_EditorHideFlags: 0
  m_Script: {fileID: 11500000, guid: 14812e720e6cfd740ab4a728a17765cf, type: 3}
  m_Name: 
  m_EditorClassIdentifier: 
--- !u!114 &6999870 stripped
MonoBehaviour:
  m_CorrespondingSourceObject: {fileID: 114218351298518526, guid: 2fd793678dad37c41a8012af9c6c5c51,
    type: 2}
  m_PrefabInternal: {fileID: 1540965744}
  m_Script: {fileID: 11500000, guid: 0163d2f5c2f510a4086be198771d075b, type: 3}
--- !u!1 &37945667
GameObject:
  m_ObjectHideFlags: 0
  m_CorrespondingSourceObject: {fileID: 0}
  m_PrefabInternal: {fileID: 0}
  serializedVersion: 6
  m_Component:
  - component: {fileID: 37945670}
  - component: {fileID: 37945669}
  m_Layer: 0
  m_Name: Top Camera
  m_TagString: Untagged
  m_Icon: {fileID: 0}
  m_NavMeshLayer: 0
  m_StaticEditorFlags: 0
  m_IsActive: 1
--- !u!20 &37945669
Camera:
  m_ObjectHideFlags: 0
  m_CorrespondingSourceObject: {fileID: 0}
  m_PrefabInternal: {fileID: 0}
  m_GameObject: {fileID: 37945667}
  m_Enabled: 1
  serializedVersion: 2
  m_ClearFlags: 1
  m_BackGroundColor: {r: 0.19215687, g: 0.3019608, b: 0.4745098, a: 0}
  m_projectionMatrixMode: 1
  m_SensorSize: {x: 36, y: 24}
  m_LensShift: {x: 0, y: 0}
  m_FocalLength: 50
  m_NormalizedViewPortRect:
    serializedVersion: 2
    x: 0
    y: 0
    width: 1
    height: 1
  near clip plane: 0.3
  far clip plane: 1000
  field of view: 60
  orthographic: 1
  orthographic size: 67.3
  m_Depth: 0
  m_CullingMask:
    serializedVersion: 2
    m_Bits: 4294967295
  m_RenderingPath: -1
  m_TargetTexture: {fileID: 8400000, guid: 339f0e71b15cbb94bbe162f95ebbb8f2, type: 2}
  m_TargetDisplay: 0
  m_TargetEye: 3
  m_HDR: 1
  m_AllowMSAA: 1
  m_AllowDynamicResolution: 0
  m_ForceIntoRT: 0
  m_OcclusionCulling: 1
  m_StereoConvergence: 10
  m_StereoSeparation: 0.022
--- !u!4 &37945670
Transform:
  m_ObjectHideFlags: 0
  m_CorrespondingSourceObject: {fileID: 0}
  m_PrefabInternal: {fileID: 0}
  m_GameObject: {fileID: 37945667}
  m_LocalRotation: {x: 0.7071068, y: -0, z: -0, w: 0.7071068}
  m_LocalPosition: {x: 0, y: 259.72388, z: 1873.51}
  m_LocalScale: {x: 1, y: 1, z: 1}
  m_Children: []
  m_Father: {fileID: 0}
  m_RootOrder: 2
  m_LocalEulerAnglesHint: {x: 90, y: 0, z: 0}
--- !u!1001 &45561990
Prefab:
  m_ObjectHideFlags: 0
  serializedVersion: 2
  m_Modification:
    m_TransformParent: {fileID: 0}
    m_Modifications:
    - target: {fileID: 4657556905433912, guid: d060f510359c9fa4dbbebf43a2ea1a20, type: 2}
      propertyPath: m_LocalPosition.x
      value: 0
      objectReference: {fileID: 0}
    - target: {fileID: 4657556905433912, guid: d060f510359c9fa4dbbebf43a2ea1a20, type: 2}
      propertyPath: m_LocalPosition.y
      value: 0
      objectReference: {fileID: 0}
    - target: {fileID: 4657556905433912, guid: d060f510359c9fa4dbbebf43a2ea1a20, type: 2}
      propertyPath: m_LocalPosition.z
      value: 1829
      objectReference: {fileID: 0}
    - target: {fileID: 4657556905433912, guid: d060f510359c9fa4dbbebf43a2ea1a20, type: 2}
      propertyPath: m_LocalRotation.x
      value: -0
      objectReference: {fileID: 0}
    - target: {fileID: 4657556905433912, guid: d060f510359c9fa4dbbebf43a2ea1a20, type: 2}
      propertyPath: m_LocalRotation.y
      value: -0
      objectReference: {fileID: 0}
    - target: {fileID: 4657556905433912, guid: d060f510359c9fa4dbbebf43a2ea1a20, type: 2}
      propertyPath: m_LocalRotation.z
      value: -0
      objectReference: {fileID: 0}
    - target: {fileID: 4657556905433912, guid: d060f510359c9fa4dbbebf43a2ea1a20, type: 2}
      propertyPath: m_LocalRotation.w
      value: 1
      objectReference: {fileID: 0}
    - target: {fileID: 4657556905433912, guid: d060f510359c9fa4dbbebf43a2ea1a20, type: 2}
      propertyPath: m_RootOrder
      value: 4
      objectReference: {fileID: 0}
    - target: {fileID: 54838161287229612, guid: d060f510359c9fa4dbbebf43a2ea1a20,
        type: 2}
      propertyPath: m_Mass
      value: 1.53
      objectReference: {fileID: 0}
    - target: {fileID: 54631070648397528, guid: d060f510359c9fa4dbbebf43a2ea1a20,
        type: 2}
      propertyPath: m_Mass
      value: 1.53
      objectReference: {fileID: 0}
    - target: {fileID: 54314671041561710, guid: d060f510359c9fa4dbbebf43a2ea1a20,
        type: 2}
      propertyPath: m_Mass
      value: 1.53
      objectReference: {fileID: 0}
    - target: {fileID: 54765851238370362, guid: d060f510359c9fa4dbbebf43a2ea1a20,
        type: 2}
      propertyPath: m_Mass
      value: 1.53
      objectReference: {fileID: 0}
    - target: {fileID: 54147880681201258, guid: d060f510359c9fa4dbbebf43a2ea1a20,
        type: 2}
      propertyPath: m_Mass
      value: 1.53
      objectReference: {fileID: 0}
    - target: {fileID: 54966163140063930, guid: d060f510359c9fa4dbbebf43a2ea1a20,
        type: 2}
      propertyPath: m_Mass
      value: 1.53
      objectReference: {fileID: 0}
    - target: {fileID: 54941125246122566, guid: d060f510359c9fa4dbbebf43a2ea1a20,
        type: 2}
      propertyPath: m_Mass
      value: 1.53
      objectReference: {fileID: 0}
    - target: {fileID: 54579610553919560, guid: d060f510359c9fa4dbbebf43a2ea1a20,
        type: 2}
      propertyPath: m_Mass
      value: 1.53
      objectReference: {fileID: 0}
    - target: {fileID: 54451546888903052, guid: d060f510359c9fa4dbbebf43a2ea1a20,
        type: 2}
      propertyPath: m_Mass
      value: 1.53
      objectReference: {fileID: 0}
    - target: {fileID: 54570044312641548, guid: d060f510359c9fa4dbbebf43a2ea1a20,
        type: 2}
      propertyPath: m_Mass
      value: 1.53
      objectReference: {fileID: 0}
    - target: {fileID: 114130255509596048, guid: d060f510359c9fa4dbbebf43a2ea1a20,
        type: 2}
      propertyPath: standingThreshholdZ
      value: 6
      objectReference: {fileID: 0}
    - target: {fileID: 114564837117522620, guid: d060f510359c9fa4dbbebf43a2ea1a20,
        type: 2}
      propertyPath: standingThreshholdZ
      value: 6
      objectReference: {fileID: 0}
    - target: {fileID: 114597068847423290, guid: d060f510359c9fa4dbbebf43a2ea1a20,
        type: 2}
      propertyPath: standingThreshholdZ
      value: 6
      objectReference: {fileID: 0}
    - target: {fileID: 114515774655748614, guid: d060f510359c9fa4dbbebf43a2ea1a20,
        type: 2}
      propertyPath: standingThreshholdZ
      value: 6
      objectReference: {fileID: 0}
    - target: {fileID: 114953515177690686, guid: d060f510359c9fa4dbbebf43a2ea1a20,
        type: 2}
      propertyPath: standingThreshholdZ
      value: 6
      objectReference: {fileID: 0}
    - target: {fileID: 114799013274545014, guid: d060f510359c9fa4dbbebf43a2ea1a20,
        type: 2}
      propertyPath: standingThreshholdZ
      value: 6
      objectReference: {fileID: 0}
    - target: {fileID: 114895010305859722, guid: d060f510359c9fa4dbbebf43a2ea1a20,
        type: 2}
      propertyPath: standingThreshholdZ
      value: 6
      objectReference: {fileID: 0}
    - target: {fileID: 114673437774280262, guid: d060f510359c9fa4dbbebf43a2ea1a20,
        type: 2}
      propertyPath: standingThreshholdZ
      value: 6
      objectReference: {fileID: 0}
    - target: {fileID: 114228542998426646, guid: d060f510359c9fa4dbbebf43a2ea1a20,
        type: 2}
      propertyPath: standingThreshholdZ
      value: 6
      objectReference: {fileID: 0}
    - target: {fileID: 114248147891465350, guid: d060f510359c9fa4dbbebf43a2ea1a20,
        type: 2}
      propertyPath: standingThreshholdZ
      value: 6
      objectReference: {fileID: 0}
    - target: {fileID: 114130255509596048, guid: d060f510359c9fa4dbbebf43a2ea1a20,
        type: 2}
      propertyPath: standingThreshholdX
      value: 276
      objectReference: {fileID: 0}
    - target: {fileID: 114564837117522620, guid: d060f510359c9fa4dbbebf43a2ea1a20,
        type: 2}
      propertyPath: standingThreshholdX
      value: 276
      objectReference: {fileID: 0}
    - target: {fileID: 114597068847423290, guid: d060f510359c9fa4dbbebf43a2ea1a20,
        type: 2}
      propertyPath: standingThreshholdX
      value: 276
      objectReference: {fileID: 0}
    - target: {fileID: 114515774655748614, guid: d060f510359c9fa4dbbebf43a2ea1a20,
        type: 2}
      propertyPath: standingThreshholdX
      value: 276
      objectReference: {fileID: 0}
    - target: {fileID: 114953515177690686, guid: d060f510359c9fa4dbbebf43a2ea1a20,
        type: 2}
      propertyPath: standingThreshholdX
      value: 276
      objectReference: {fileID: 0}
    - target: {fileID: 114799013274545014, guid: d060f510359c9fa4dbbebf43a2ea1a20,
        type: 2}
      propertyPath: standingThreshholdX
      value: 276
      objectReference: {fileID: 0}
    - target: {fileID: 114895010305859722, guid: d060f510359c9fa4dbbebf43a2ea1a20,
        type: 2}
      propertyPath: standingThreshholdX
      value: 276
      objectReference: {fileID: 0}
    - target: {fileID: 114673437774280262, guid: d060f510359c9fa4dbbebf43a2ea1a20,
        type: 2}
      propertyPath: standingThreshholdX
      value: 276
      objectReference: {fileID: 0}
    - target: {fileID: 114228542998426646, guid: d060f510359c9fa4dbbebf43a2ea1a20,
        type: 2}
      propertyPath: standingThreshholdX
      value: 276
      objectReference: {fileID: 0}
    - target: {fileID: 114248147891465350, guid: d060f510359c9fa4dbbebf43a2ea1a20,
        type: 2}
      propertyPath: standingThreshholdX
      value: 276
      objectReference: {fileID: 0}
    m_RemovedComponents: []
  m_SourcePrefab: {fileID: 100100000, guid: d060f510359c9fa4dbbebf43a2ea1a20, type: 2}
  m_IsPrefabAsset: 0
--- !u!1 &164377658
GameObject:
  m_ObjectHideFlags: 0
  m_CorrespondingSourceObject: {fileID: 0}
  m_PrefabInternal: {fileID: 0}
  serializedVersion: 6
  m_Component:
  - component: {fileID: 164377659}
  - component: {fileID: 164377662}
  - component: {fileID: 164377661}
  - component: {fileID: 164377660}
  m_Layer: 0
  m_Name: Lane Collider
  m_TagString: Untagged
  m_Icon: {fileID: 0}
  m_NavMeshLayer: 0
  m_StaticEditorFlags: 0
  m_IsActive: 1
--- !u!4 &164377659
Transform:
  m_ObjectHideFlags: 0
  m_CorrespondingSourceObject: {fileID: 0}
  m_PrefabInternal: {fileID: 0}
  m_GameObject: {fileID: 164377658}
  m_LocalRotation: {x: -0, y: -0, z: -0, w: 1}
  m_LocalPosition: {x: 0, y: 61.2, z: 1884.6}
  m_LocalScale: {x: 120, y: 120, z: 240}
  m_Children: []
  m_Father: {fileID: 1478842044}
  m_RootOrder: 1
  m_LocalEulerAnglesHint: {x: 0, y: 0, z: 0}
--- !u!114 &164377660
MonoBehaviour:
  m_ObjectHideFlags: 0
  m_CorrespondingSourceObject: {fileID: 0}
  m_PrefabInternal: {fileID: 0}
  m_GameObject: {fileID: 164377658}
  m_Enabled: 1
  m_EditorHideFlags: 0
  m_Script: {fileID: 11500000, guid: ff8e5beaad2489f4b96aefa0438aae97, type: 3}
  m_Name: 
  m_EditorClassIdentifier: 
--- !u!65 &164377661
BoxCollider:
  m_ObjectHideFlags: 0
  m_CorrespondingSourceObject: {fileID: 0}
  m_PrefabInternal: {fileID: 0}
  m_GameObject: {fileID: 164377658}
  m_Material: {fileID: 0}
  m_IsTrigger: 1
  m_Enabled: 1
  serializedVersion: 2
  m_Size: {x: 1, y: 1, z: 7.557346}
  m_Center: {x: 0, y: 0, z: -4.1233554}
--- !u!54 &164377662
Rigidbody:
  m_ObjectHideFlags: 0
  m_CorrespondingSourceObject: {fileID: 0}
  m_PrefabInternal: {fileID: 0}
  m_GameObject: {fileID: 164377658}
  serializedVersion: 2
  m_Mass: 1
  m_Drag: 0
  m_AngularDrag: 0.05
  m_UseGravity: 0
  m_IsKinematic: 1
  m_Interpolate: 0
  m_Constraints: 0
  m_CollisionDetection: 0
--- !u!1 &170076733
GameObject:
  m_ObjectHideFlags: 0
  m_CorrespondingSourceObject: {fileID: 0}
  m_PrefabInternal: {fileID: 0}
  serializedVersion: 6
  m_Component:
  - component: {fileID: 170076735}
  - component: {fileID: 170076734}
  m_Layer: 0
  m_Name: Directional Light
  m_TagString: Untagged
  m_Icon: {fileID: 0}
  m_NavMeshLayer: 0
  m_StaticEditorFlags: 0
  m_IsActive: 0
--- !u!108 &170076734
Light:
  m_ObjectHideFlags: 0
  m_CorrespondingSourceObject: {fileID: 0}
  m_PrefabInternal: {fileID: 0}
  m_GameObject: {fileID: 170076733}
  m_Enabled: 1
  serializedVersion: 8
  m_Type: 1
  m_Color: {r: 1, g: 1, b: 1, a: 1}
  m_Intensity: 1
  m_Range: 10
  m_SpotAngle: 30
  m_CookieSize: 10
  m_Shadows:
    m_Type: 2
    m_Resolution: -1
    m_CustomResolution: -1
    m_Strength: 1
    m_Bias: 0.05
    m_NormalBias: 0.4
    m_NearPlane: 0.2
  m_Cookie: {fileID: 0}
  m_DrawHalo: 0
  m_Flare: {fileID: 0}
  m_RenderMode: 0
  m_CullingMask:
    serializedVersion: 2
    m_Bits: 4294967295
  m_Lightmapping: 1
  m_LightShadowCasterMode: 0
  m_AreaSize: {x: 1, y: 1}
  m_BounceIntensity: 1
  m_ColorTemperature: 6570
  m_UseColorTemperature: 0
  m_ShadowRadius: 0
  m_ShadowAngle: 0
--- !u!4 &170076735
Transform:
  m_ObjectHideFlags: 0
  m_CorrespondingSourceObject: {fileID: 0}
  m_PrefabInternal: {fileID: 0}
  m_GameObject: {fileID: 170076733}
  m_LocalRotation: {x: -0.083236136, y: -0.87215436, z: 0.47209135, w: 0.09771583}
  m_LocalPosition: {x: 25, y: 97, z: 53}
  m_LocalScale: {x: 2.2334, y: -4.221573, z: 2.2334}
  m_Children: []
  m_Father: {fileID: 0}
  m_RootOrder: 1
  m_LocalEulerAnglesHint: {x: 126.175995, y: 24.954987, z: 203.72}
--- !u!1 &220044724
GameObject:
  m_ObjectHideFlags: 0
  m_CorrespondingSourceObject: {fileID: 1351720552030950, guid: 0900aac85a0c9634fbb49d51501e4b0e,
    type: 2}
  m_PrefabInternal: {fileID: 0}
  serializedVersion: 6
  m_Component:
  - component: {fileID: 220044725}
  - component: {fileID: 220044727}
  - component: {fileID: 220044726}
  m_Layer: 5
  m_Name: RawImage
  m_TagString: Untagged
  m_Icon: {fileID: 0}
  m_NavMeshLayer: 0
  m_StaticEditorFlags: 0
  m_IsActive: 1
--- !u!224 &220044725
RectTransform:
  m_ObjectHideFlags: 0
  m_CorrespondingSourceObject: {fileID: 224131703111599284, guid: 0900aac85a0c9634fbb49d51501e4b0e,
    type: 2}
  m_PrefabInternal: {fileID: 0}
  m_GameObject: {fileID: 220044724}
  m_LocalRotation: {x: -0, y: -0, z: -0, w: 1}
  m_LocalPosition: {x: 0, y: 0, z: 0}
  m_LocalScale: {x: 1, y: 1, z: 1}
  m_Children: []
  m_Father: {fileID: 1215559515}
  m_RootOrder: 0
  m_LocalEulerAnglesHint: {x: 0, y: 0, z: 0}
  m_AnchorMin: {x: 0.5, y: 1}
  m_AnchorMax: {x: 0.5, y: 1}
  m_AnchoredPosition: {x: 0, y: -54.75}
  m_SizeDelta: {x: 192.7, y: 109.5}
  m_Pivot: {x: 0.5, y: 0.5}
--- !u!114 &220044726
MonoBehaviour:
  m_ObjectHideFlags: 0
  m_CorrespondingSourceObject: {fileID: 114020069697253798, guid: 0900aac85a0c9634fbb49d51501e4b0e,
    type: 2}
  m_PrefabInternal: {fileID: 0}
  m_GameObject: {fileID: 220044724}
  m_Enabled: 1
  m_EditorHideFlags: 0
  m_Script: {fileID: -98529514, guid: f70555f144d8491a825f0804e09c671c, type: 3}
  m_Name: 
  m_EditorClassIdentifier: 
  m_Material: {fileID: 0}
  m_Color: {r: 1, g: 1, b: 1, a: 1}
  m_RaycastTarget: 1
  m_OnCullStateChanged:
    m_PersistentCalls:
      m_Calls: []
    m_TypeName: UnityEngine.UI.MaskableGraphic+CullStateChangedEvent, UnityEngine.UI,
      Version=1.0.0.0, Culture=neutral, PublicKeyToken=null
  m_Texture: {fileID: 8400000, guid: 339f0e71b15cbb94bbe162f95ebbb8f2, type: 2}
  m_UVRect:
    serializedVersion: 2
    x: 0
    y: 0
    width: 1
    height: 1
--- !u!222 &220044727
CanvasRenderer:
  m_ObjectHideFlags: 0
  m_CorrespondingSourceObject: {fileID: 222544955880009200, guid: 0900aac85a0c9634fbb49d51501e4b0e,
    type: 2}
  m_PrefabInternal: {fileID: 0}
  m_GameObject: {fileID: 220044724}
  m_CullTransparentMesh: 0
--- !u!1 &534669902
GameObject:
  m_ObjectHideFlags: 0
  m_CorrespondingSourceObject: {fileID: 0}
  m_PrefabInternal: {fileID: 0}
  serializedVersion: 6
  m_Component:
  - component: {fileID: 534669905}
  - component: {fileID: 534669904}
  - component: {fileID: 534669903}
  - component: {fileID: 534669906}
  - component: {fileID: 534669907}
  m_Layer: 0
  m_Name: Main Camera
  m_TagString: Untagged
  m_Icon: {fileID: 0}
  m_NavMeshLayer: 0
  m_StaticEditorFlags: 0
  m_IsActive: 1
--- !u!81 &534669903
AudioListener:
  m_ObjectHideFlags: 0
  m_CorrespondingSourceObject: {fileID: 0}
  m_PrefabInternal: {fileID: 0}
  m_GameObject: {fileID: 534669902}
  m_Enabled: 1
--- !u!20 &534669904
Camera:
  m_ObjectHideFlags: 0
  m_CorrespondingSourceObject: {fileID: 0}
  m_PrefabInternal: {fileID: 0}
  m_GameObject: {fileID: 534669902}
  m_Enabled: 1
  serializedVersion: 2
  m_ClearFlags: 1
  m_BackGroundColor: {r: 0.19215687, g: 0.3019608, b: 0.4745098, a: 0}
  m_projectionMatrixMode: 1
  m_SensorSize: {x: 36, y: 24}
  m_LensShift: {x: 0, y: 0}
  m_FocalLength: 50
  m_NormalizedViewPortRect:
    serializedVersion: 2
    x: 0
    y: 0
    width: 1
    height: 1
  near clip plane: 0.3
  far clip plane: 3500
  field of view: 55
  orthographic: 0
  orthographic size: 5
  m_Depth: -1
  m_CullingMask:
    serializedVersion: 2
    m_Bits: 4294967295
  m_RenderingPath: -1
  m_TargetTexture: {fileID: 0}
  m_TargetDisplay: 0
  m_TargetEye: 3
  m_HDR: 1
  m_AllowMSAA: 1
  m_AllowDynamicResolution: 0
  m_ForceIntoRT: 0
  m_OcclusionCulling: 1
  m_StereoConvergence: 10
  m_StereoSeparation: 0.022
--- !u!4 &534669905
Transform:
  m_ObjectHideFlags: 0
  m_CorrespondingSourceObject: {fileID: 0}
  m_PrefabInternal: {fileID: 0}
  m_GameObject: {fileID: 534669902}
  m_LocalRotation: {x: 0.19226582, y: -0.016190113, z: 0.0031725767, w: 0.9812042}
  m_LocalPosition: {x: 1.9200886, y: 43.719017, z: -27.477953}
  m_LocalScale: {x: 1, y: 1, z: 1}
  m_Children: []
  m_Father: {fileID: 0}
  m_RootOrder: 0
  m_LocalEulerAnglesHint: {x: 1.16, y: 0, z: 0}
--- !u!114 &534669906
MonoBehaviour:
  m_ObjectHideFlags: 0
  m_CorrespondingSourceObject: {fileID: 0}
  m_PrefabInternal: {fileID: 0}
  m_GameObject: {fileID: 534669902}
  m_Enabled: 1
  m_EditorHideFlags: 0
  m_Script: {fileID: 11500000, guid: 1ae96e5c016815744afb98945b43fb49, type: 3}
  m_Name: 
  m_EditorClassIdentifier: 
  ball: {fileID: 6999870}
--- !u!45 &534669907
Skybox:
  m_ObjectHideFlags: 0
  m_CorrespondingSourceObject: {fileID: 0}
  m_PrefabInternal: {fileID: 0}
  m_GameObject: {fileID: 534669902}
  m_Enabled: 1
  m_CustomSkybox: {fileID: 2100000, guid: 36ebb1f81aa054bd49704f3d17f62c4d, type: 2}
--- !u!114 &643983999
MonoBehaviour:
  m_ObjectHideFlags: 0
  m_CorrespondingSourceObject: {fileID: 114174027192947916, guid: 0900aac85a0c9634fbb49d51501e4b0e,
    type: 2}
  m_PrefabInternal: {fileID: 0}
  m_GameObject: {fileID: 955230349}
  m_Enabled: 1
  m_EditorHideFlags: 0
  m_Script: {fileID: 708705254, guid: f70555f144d8491a825f0804e09c671c, type: 3}
  m_Name: 
  m_EditorClassIdentifier: 
  m_Material: {fileID: 0}
  m_Color: {r: 0, g: 0, b: 0, a: 1}
  m_RaycastTarget: 1
  m_OnCullStateChanged:
    m_PersistentCalls:
      m_Calls: []
    m_TypeName: UnityEngine.UI.MaskableGraphic+CullStateChangedEvent, UnityEngine.UI,
      Version=1.0.0.0, Culture=neutral, PublicKeyToken=null
  m_FontData:
    m_Font: {fileID: 10102, guid: 0000000000000000e000000000000000, type: 0}
    m_FontSize: 45
    m_FontStyle: 0
    m_BestFit: 0
    m_MinSize: 0
    m_MaxSize: 45
    m_Alignment: 4
    m_AlignByGeometry: 0
    m_RichText: 0
    m_HorizontalOverflow: 0
    m_VerticalOverflow: 0
    m_LineSpacing: 1
  m_Text: 10
--- !u!1001 &777296760
Prefab:
  m_ObjectHideFlags: 0
  serializedVersion: 2
  m_Modification:
    m_TransformParent: {fileID: 0}
    m_Modifications:
    - target: {fileID: 4937864786476378, guid: 4b7e77c0c34940643bced58d98eb6294, type: 2}
      propertyPath: m_LocalPosition.x
      value: 0
      objectReference: {fileID: 0}
    - target: {fileID: 4937864786476378, guid: 4b7e77c0c34940643bced58d98eb6294, type: 2}
      propertyPath: m_LocalPosition.y
      value: 0
      objectReference: {fileID: 0}
    - target: {fileID: 4937864786476378, guid: 4b7e77c0c34940643bced58d98eb6294, type: 2}
      propertyPath: m_LocalPosition.z
      value: 0
      objectReference: {fileID: 0}
    - target: {fileID: 4937864786476378, guid: 4b7e77c0c34940643bced58d98eb6294, type: 2}
      propertyPath: m_LocalRotation.x
      value: 0
      objectReference: {fileID: 0}
    - target: {fileID: 4937864786476378, guid: 4b7e77c0c34940643bced58d98eb6294, type: 2}
      propertyPath: m_LocalRotation.y
      value: 0
      objectReference: {fileID: 0}
    - target: {fileID: 4937864786476378, guid: 4b7e77c0c34940643bced58d98eb6294, type: 2}
      propertyPath: m_LocalRotation.z
      value: 0
      objectReference: {fileID: 0}
    - target: {fileID: 4937864786476378, guid: 4b7e77c0c34940643bced58d98eb6294, type: 2}
      propertyPath: m_LocalRotation.w
      value: 1
      objectReference: {fileID: 0}
    - target: {fileID: 4937864786476378, guid: 4b7e77c0c34940643bced58d98eb6294, type: 2}
      propertyPath: m_RootOrder
      value: 8
      objectReference: {fileID: 0}
    m_RemovedComponents: []
  m_SourcePrefab: {fileID: 100100000, guid: 4b7e77c0c34940643bced58d98eb6294, type: 2}
  m_IsPrefabAsset: 0
--- !u!1 &911117422
GameObject:
  m_ObjectHideFlags: 0
  m_CorrespondingSourceObject: {fileID: 1265373508082988, guid: 0900aac85a0c9634fbb49d51501e4b0e,
    type: 2}
  m_PrefabInternal: {fileID: 0}
  serializedVersion: 6
  m_Component:
  - component: {fileID: 911117423}
  - component: {fileID: 911117426}
  - component: {fileID: 911117425}
  - component: {fileID: 911117424}
  m_Layer: 5
  m_Name: Left
  m_TagString: Untagged
  m_Icon: {fileID: 0}
  m_NavMeshLayer: 0
  m_StaticEditorFlags: 0
  m_IsActive: 1
--- !u!224 &911117423
RectTransform:
  m_ObjectHideFlags: 0
  m_CorrespondingSourceObject: {fileID: 224484276896470062, guid: 0900aac85a0c9634fbb49d51501e4b0e,
    type: 2}
  m_PrefabInternal: {fileID: 0}
  m_GameObject: {fileID: 911117422}
  m_LocalRotation: {x: -0, y: -0, z: -0, w: 1}
  m_LocalPosition: {x: 0, y: 0, z: 0}
  m_LocalScale: {x: -1, y: 1, z: 1}
  m_Children: []
  m_Father: {fileID: 958393128}
  m_RootOrder: 1
  m_LocalEulerAnglesHint: {x: 0, y: 0, z: 0}
  m_AnchorMin: {x: 0.5, y: 0.5}
  m_AnchorMax: {x: 0.5, y: 0.5}
  m_AnchoredPosition: {x: -60, y: 0}
  m_SizeDelta: {x: 96.67, y: 39.32}
  m_Pivot: {x: 0.5, y: 0.5}
--- !u!114 &911117424
MonoBehaviour:
  m_ObjectHideFlags: 0
  m_CorrespondingSourceObject: {fileID: 114941269636013610, guid: 0900aac85a0c9634fbb49d51501e4b0e,
    type: 2}
  m_PrefabInternal: {fileID: 0}
  m_GameObject: {fileID: 911117422}
  m_Enabled: 1
  m_EditorHideFlags: 0
  m_Script: {fileID: -1862395651, guid: f70555f144d8491a825f0804e09c671c, type: 3}
  m_Name: 
  m_EditorClassIdentifier: 
  m_Delegates:
  - eventID: 2
    callback:
      m_PersistentCalls:
        m_Calls:
        - m_Target: {fileID: 6999865}
          m_MethodName: MoveStart
          m_Mode: 4
          m_Arguments:
            m_ObjectArgument: {fileID: 0}
            m_ObjectArgumentAssemblyTypeName: UnityEngine.Object, UnityEngine
            m_IntArgument: 0
            m_FloatArgument: -5
            m_StringArgument: 
            m_BoolArgument: 0
          m_CallState: 2
      m_TypeName: UnityEngine.EventSystems.EventTrigger+TriggerEvent, UnityEngine.UI,
        Version=1.0.0.0, Culture=neutral, PublicKeyToken=null
  delegates: []
--- !u!114 &911117425
MonoBehaviour:
  m_ObjectHideFlags: 0
  m_CorrespondingSourceObject: {fileID: 114050160198811260, guid: 0900aac85a0c9634fbb49d51501e4b0e,
    type: 2}
  m_PrefabInternal: {fileID: 0}
  m_GameObject: {fileID: 911117422}
  m_Enabled: 1
  m_EditorHideFlags: 0
  m_Script: {fileID: -765806418, guid: f70555f144d8491a825f0804e09c671c, type: 3}
  m_Name: 
  m_EditorClassIdentifier: 
  m_Material: {fileID: 0}
  m_Color: {r: 1, g: 1, b: 1, a: 1}
  m_RaycastTarget: 1
  m_OnCullStateChanged:
    m_PersistentCalls:
      m_Calls: []
    m_TypeName: UnityEngine.UI.MaskableGraphic+CullStateChangedEvent, UnityEngine.UI,
      Version=1.0.0.0, Culture=neutral, PublicKeyToken=null
  m_Sprite: {fileID: 21300000, guid: 6746e6affea0b4da7bb2e85580098bf5, type: 3}
  m_Type: 0
  m_PreserveAspect: 0
  m_FillCenter: 1
  m_FillMethod: 4
  m_FillAmount: 1
  m_FillClockwise: 1
  m_FillOrigin: 0
--- !u!222 &911117426
CanvasRenderer:
  m_ObjectHideFlags: 0
  m_CorrespondingSourceObject: {fileID: 222062305209819260, guid: 0900aac85a0c9634fbb49d51501e4b0e,
    type: 2}
  m_PrefabInternal: {fileID: 0}
  m_GameObject: {fileID: 911117422}
  m_CullTransparentMesh: 0
--- !u!1 &941898544
GameObject:
  m_ObjectHideFlags: 0
  m_CorrespondingSourceObject: {fileID: 1980194789328256, guid: 0900aac85a0c9634fbb49d51501e4b0e,
    type: 2}
  m_PrefabInternal: {fileID: 0}
  serializedVersion: 6
  m_Component:
  - component: {fileID: 941898545}
  - component: {fileID: 941898547}
  - component: {fileID: 941898546}
  m_Layer: 5
  m_Name: Right Panel
  m_TagString: Untagged
  m_Icon: {fileID: 0}
  m_NavMeshLayer: 0
  m_StaticEditorFlags: 0
  m_IsActive: 1
--- !u!224 &941898545
RectTransform:
  m_ObjectHideFlags: 0
  m_CorrespondingSourceObject: {fileID: 224957223569396872, guid: 0900aac85a0c9634fbb49d51501e4b0e,
    type: 2}
  m_PrefabInternal: {fileID: 0}
  m_GameObject: {fileID: 941898544}
  m_LocalRotation: {x: -0, y: -0, z: -0, w: 1}
  m_LocalPosition: {x: 0, y: 0, z: 0}
  m_LocalScale: {x: 1, y: 1, z: 1}
  m_Children: []
  m_Father: {fileID: 1880608861}
  m_RootOrder: 3
  m_LocalEulerAnglesHint: {x: 0, y: 0, z: 0}
  m_AnchorMin: {x: 1, y: 0}
  m_AnchorMax: {x: 1, y: 1}
  m_AnchoredPosition: {x: -120, y: 0}
  m_SizeDelta: {x: 240, y: 0}
  m_Pivot: {x: 0.5, y: 0.5}
--- !u!114 &941898546
MonoBehaviour:
  m_ObjectHideFlags: 0
  m_CorrespondingSourceObject: {fileID: 114394240844569124, guid: 0900aac85a0c9634fbb49d51501e4b0e,
    type: 2}
  m_PrefabInternal: {fileID: 0}
  m_GameObject: {fileID: 941898544}
  m_Enabled: 1
  m_EditorHideFlags: 0
  m_Script: {fileID: -765806418, guid: f70555f144d8491a825f0804e09c671c, type: 3}
  m_Name: 
  m_EditorClassIdentifier: 
  m_Material: {fileID: 0}
  m_Color: {r: 1, g: 1, b: 1, a: 0.392}
  m_RaycastTarget: 1
  m_OnCullStateChanged:
    m_PersistentCalls:
      m_Calls: []
    m_TypeName: UnityEngine.UI.MaskableGraphic+CullStateChangedEvent, UnityEngine.UI,
      Version=1.0.0.0, Culture=neutral, PublicKeyToken=null
  m_Sprite: {fileID: 10907, guid: 0000000000000000f000000000000000, type: 0}
  m_Type: 1
  m_PreserveAspect: 0
  m_FillCenter: 1
  m_FillMethod: 4
  m_FillAmount: 1
  m_FillClockwise: 1
  m_FillOrigin: 0
--- !u!222 &941898547
CanvasRenderer:
  m_ObjectHideFlags: 0
  m_CorrespondingSourceObject: {fileID: 222393925113038010, guid: 0900aac85a0c9634fbb49d51501e4b0e,
    type: 2}
  m_PrefabInternal: {fileID: 0}
  m_GameObject: {fileID: 941898544}
  m_CullTransparentMesh: 0
--- !u!1 &955230349
GameObject:
  m_ObjectHideFlags: 0
  m_CorrespondingSourceObject: {fileID: 1920626321601890, guid: 0900aac85a0c9634fbb49d51501e4b0e,
    type: 2}
  m_PrefabInternal: {fileID: 0}
  serializedVersion: 6
  m_Component:
  - component: {fileID: 955230351}
  - component: {fileID: 955230350}
  - component: {fileID: 643983999}
  m_Layer: 5
  m_Name: Text
  m_TagString: Untagged
  m_Icon: {fileID: 0}
  m_NavMeshLayer: 0
  m_StaticEditorFlags: 0
  m_IsActive: 1
--- !u!222 &955230350
CanvasRenderer:
  m_ObjectHideFlags: 0
  m_CorrespondingSourceObject: {fileID: 222479237049815106, guid: 0900aac85a0c9634fbb49d51501e4b0e,
    type: 2}
  m_PrefabInternal: {fileID: 0}
  m_GameObject: {fileID: 955230349}
  m_CullTransparentMesh: 0
--- !u!224 &955230351
RectTransform:
  m_ObjectHideFlags: 0
  m_CorrespondingSourceObject: {fileID: 224122783187282942, guid: 0900aac85a0c9634fbb49d51501e4b0e,
    type: 2}
  m_PrefabInternal: {fileID: 0}
  m_GameObject: {fileID: 955230349}
  m_LocalRotation: {x: 0, y: 0, z: 0, w: 1}
  m_LocalPosition: {x: 0, y: 0, z: 0}
  m_LocalScale: {x: 1, y: 1, z: 1}
  m_Children: []
  m_Father: {fileID: 1215559515}
  m_RootOrder: 1
  m_LocalEulerAnglesHint: {x: 0, y: 0, z: 0}
  m_AnchorMin: {x: 0.5, y: 0.5}
  m_AnchorMax: {x: 0.5, y: 0.5}
  m_AnchoredPosition: {x: 0.0012679, y: 159.1}
  m_SizeDelta: {x: 192.7, y: 52.15}
  m_Pivot: {x: 0.5, y: 0.5}
--- !u!1 &958393127
GameObject:
  m_ObjectHideFlags: 0
  m_CorrespondingSourceObject: {fileID: 1683119994830272, guid: 0900aac85a0c9634fbb49d51501e4b0e,
    type: 2}
  m_PrefabInternal: {fileID: 0}
  serializedVersion: 6
  m_Component:
  - component: {fileID: 958393128}
  - component: {fileID: 958393131}
  - component: {fileID: 958393130}
  - component: {fileID: 958393129}
  m_Layer: 5
  m_Name: Arrows
  m_TagString: Untagged
  m_Icon: {fileID: 0}
  m_NavMeshLayer: 0
  m_StaticEditorFlags: 0
  m_IsActive: 1
--- !u!224 &958393128
RectTransform:
  m_ObjectHideFlags: 0
  m_CorrespondingSourceObject: {fileID: 224197272698224390, guid: 0900aac85a0c9634fbb49d51501e4b0e,
    type: 2}
  m_PrefabInternal: {fileID: 0}
  m_GameObject: {fileID: 958393127}
  m_LocalRotation: {x: 0, y: 0, z: 0, w: 1}
  m_LocalPosition: {x: 0, y: 0, z: 0}
  m_LocalScale: {x: 1, y: 1, z: 1}
  m_Children:
  - {fileID: 1477324208}
  - {fileID: 911117423}
  m_Father: {fileID: 1880608861}
  m_RootOrder: 1
  m_LocalEulerAnglesHint: {x: 0, y: 0, z: 0}
  m_AnchorMin: {x: 0.5, y: 0}
  m_AnchorMax: {x: 0.5, y: 0}
  m_AnchoredPosition: {x: 0, y: 23.25}
  m_SizeDelta: {x: 252, y: 46.5}
  m_Pivot: {x: 0.5, y: 0.5}
--- !u!114 &958393129
MonoBehaviour:
  m_ObjectHideFlags: 0
  m_CorrespondingSourceObject: {fileID: 114063739098478320, guid: 0900aac85a0c9634fbb49d51501e4b0e,
    type: 2}
  m_PrefabInternal: {fileID: 0}
  m_GameObject: {fileID: 958393127}
  m_Enabled: 1
  m_EditorHideFlags: 0
  m_Script: {fileID: 11500000, guid: 0aa4187c76e95db4f9981514252afb48, type: 3}
  m_Name: 
  m_EditorClassIdentifier: 
  ball: {fileID: 0}
--- !u!114 &958393130
MonoBehaviour:
  m_ObjectHideFlags: 0
  m_CorrespondingSourceObject: {fileID: 114904062184966678, guid: 0900aac85a0c9634fbb49d51501e4b0e,
    type: 2}
  m_PrefabInternal: {fileID: 0}
  m_GameObject: {fileID: 958393127}
  m_Enabled: 1
  m_EditorHideFlags: 0
  m_Script: {fileID: -765806418, guid: f70555f144d8491a825f0804e09c671c, type: 3}
  m_Name: 
  m_EditorClassIdentifier: 
  m_Material: {fileID: 0}
  m_Color: {r: 1, g: 1, b: 1, a: 0.392}
  m_RaycastTarget: 1
  m_OnCullStateChanged:
    m_PersistentCalls:
      m_Calls: []
    m_TypeName: UnityEngine.UI.MaskableGraphic+CullStateChangedEvent, UnityEngine.UI,
      Version=1.0.0.0, Culture=neutral, PublicKeyToken=null
  m_Sprite: {fileID: 10907, guid: 0000000000000000f000000000000000, type: 0}
  m_Type: 1
  m_PreserveAspect: 0
  m_FillCenter: 1
  m_FillMethod: 4
  m_FillAmount: 1
  m_FillClockwise: 1
  m_FillOrigin: 0
--- !u!222 &958393131
CanvasRenderer:
  m_ObjectHideFlags: 0
  m_CorrespondingSourceObject: {fileID: 222541613389000694, guid: 0900aac85a0c9634fbb49d51501e4b0e,
    type: 2}
  m_PrefabInternal: {fileID: 0}
  m_GameObject: {fileID: 958393127}
  m_CullTransparentMesh: 0
--- !u!1 &1148713429
GameObject:
  m_ObjectHideFlags: 0
  m_CorrespondingSourceObject: {fileID: 0}
  m_PrefabInternal: {fileID: 0}
  serializedVersion: 6
  m_Component:
  - component: {fileID: 1148713432}
  - component: {fileID: 1148713431}
  - component: {fileID: 1148713430}
  m_Layer: 0
  m_Name: EventSystem
  m_TagString: Untagged
  m_Icon: {fileID: 0}
  m_NavMeshLayer: 0
  m_StaticEditorFlags: 0
  m_IsActive: 1
--- !u!114 &1148713430
MonoBehaviour:
  m_ObjectHideFlags: 0
  m_CorrespondingSourceObject: {fileID: 0}
  m_PrefabInternal: {fileID: 0}
  m_GameObject: {fileID: 1148713429}
  m_Enabled: 1
  m_EditorHideFlags: 0
  m_Script: {fileID: 1077351063, guid: f70555f144d8491a825f0804e09c671c, type: 3}
  m_Name: 
  m_EditorClassIdentifier: 
  m_HorizontalAxis: Horizontal
  m_VerticalAxis: Vertical
  m_SubmitButton: Submit
  m_CancelButton: Cancel
  m_InputActionsPerSecond: 10
  m_RepeatDelay: 0.5
  m_ForceModuleActive: 0
--- !u!114 &1148713431
MonoBehaviour:
  m_ObjectHideFlags: 0
  m_CorrespondingSourceObject: {fileID: 0}
  m_PrefabInternal: {fileID: 0}
  m_GameObject: {fileID: 1148713429}
  m_Enabled: 1
  m_EditorHideFlags: 0
  m_Script: {fileID: -619905303, guid: f70555f144d8491a825f0804e09c671c, type: 3}
  m_Name: 
  m_EditorClassIdentifier: 
  m_FirstSelected: {fileID: 0}
  m_sendNavigationEvents: 1
  m_DragThreshold: 10
--- !u!4 &1148713432
Transform:
  m_ObjectHideFlags: 0
  m_CorrespondingSourceObject: {fileID: 0}
  m_PrefabInternal: {fileID: 0}
  m_GameObject: {fileID: 1148713429}
  m_LocalRotation: {x: 0, y: 0, z: 0, w: 1}
  m_LocalPosition: {x: 0, y: 0, z: 0}
  m_LocalScale: {x: 1, y: 1, z: 1}
  m_Children: []
  m_Father: {fileID: 0}
  m_RootOrder: 7
  m_LocalEulerAnglesHint: {x: 0, y: 0, z: 0}
--- !u!1 &1215559514
GameObject:
  m_ObjectHideFlags: 0
  m_CorrespondingSourceObject: {fileID: 1094635244780718, guid: 0900aac85a0c9634fbb49d51501e4b0e,
    type: 2}
  m_PrefabInternal: {fileID: 0}
  serializedVersion: 6
  m_Component:
  - component: {fileID: 1215559515}
  - component: {fileID: 1215559517}
  - component: {fileID: 1215559516}
  m_Layer: 5
  m_Name: Left Panel
  m_TagString: Untagged
  m_Icon: {fileID: 0}
  m_NavMeshLayer: 0
  m_StaticEditorFlags: 0
  m_IsActive: 1
--- !u!224 &1215559515
RectTransform:
  m_ObjectHideFlags: 0
  m_CorrespondingSourceObject: {fileID: 224279521923655520, guid: 0900aac85a0c9634fbb49d51501e4b0e,
    type: 2}
  m_PrefabInternal: {fileID: 0}
  m_GameObject: {fileID: 1215559514}
  m_LocalRotation: {x: 0, y: 0, z: 0, w: 1}
  m_LocalPosition: {x: 0, y: 0, z: 0}
  m_LocalScale: {x: 1, y: 1, z: 1}
  m_Children:
  - {fileID: 220044725}
  - {fileID: 955230351}
  m_Father: {fileID: 1880608861}
  m_RootOrder: 2
  m_LocalEulerAnglesHint: {x: 0, y: 0, z: 0}
  m_AnchorMin: {x: 0, y: 0}
  m_AnchorMax: {x: 0, y: 1}
  m_AnchoredPosition: {x: 120, y: 0}
  m_SizeDelta: {x: 240, y: 0}
  m_Pivot: {x: 0.5, y: 0.5}
--- !u!114 &1215559516
MonoBehaviour:
  m_ObjectHideFlags: 0
  m_CorrespondingSourceObject: {fileID: 114495265429718376, guid: 0900aac85a0c9634fbb49d51501e4b0e,
    type: 2}
  m_PrefabInternal: {fileID: 0}
  m_GameObject: {fileID: 1215559514}
  m_Enabled: 1
  m_EditorHideFlags: 0
  m_Script: {fileID: -765806418, guid: f70555f144d8491a825f0804e09c671c, type: 3}
  m_Name: 
  m_EditorClassIdentifier: 
  m_Material: {fileID: 0}
  m_Color: {r: 1, g: 1, b: 1, a: 0.392}
  m_RaycastTarget: 1
  m_OnCullStateChanged:
    m_PersistentCalls:
      m_Calls: []
    m_TypeName: UnityEngine.UI.MaskableGraphic+CullStateChangedEvent, UnityEngine.UI,
      Version=1.0.0.0, Culture=neutral, PublicKeyToken=null
  m_Sprite: {fileID: 10907, guid: 0000000000000000f000000000000000, type: 0}
  m_Type: 1
  m_PreserveAspect: 0
  m_FillCenter: 1
  m_FillMethod: 4
  m_FillAmount: 1
  m_FillClockwise: 1
  m_FillOrigin: 0
--- !u!222 &1215559517
CanvasRenderer:
  m_ObjectHideFlags: 0
  m_CorrespondingSourceObject: {fileID: 222415083770679964, guid: 0900aac85a0c9634fbb49d51501e4b0e,
    type: 2}
  m_PrefabInternal: {fileID: 0}
  m_GameObject: {fileID: 1215559514}
  m_CullTransparentMesh: 0
--- !u!1001 &1263963607
Prefab:
  m_ObjectHideFlags: 0
  serializedVersion: 2
  m_Modification:
    m_TransformParent: {fileID: 0}
    m_Modifications:
    - target: {fileID: 4326859457898244, guid: c830689942e058449b61db20753ed2ee, type: 2}
      propertyPath: m_LocalPosition.x
      value: 0
      objectReference: {fileID: 0}
    - target: {fileID: 4326859457898244, guid: c830689942e058449b61db20753ed2ee, type: 2}
      propertyPath: m_LocalPosition.y
      value: 61.2
      objectReference: {fileID: 0}
    - target: {fileID: 4326859457898244, guid: c830689942e058449b61db20753ed2ee, type: 2}
      propertyPath: m_LocalPosition.z
      value: 1884.6
      objectReference: {fileID: 0}
    - target: {fileID: 4326859457898244, guid: c830689942e058449b61db20753ed2ee, type: 2}
      propertyPath: m_LocalRotation.x
      value: -0
      objectReference: {fileID: 0}
    - target: {fileID: 4326859457898244, guid: c830689942e058449b61db20753ed2ee, type: 2}
      propertyPath: m_LocalRotation.y
      value: -0
      objectReference: {fileID: 0}
    - target: {fileID: 4326859457898244, guid: c830689942e058449b61db20753ed2ee, type: 2}
      propertyPath: m_LocalRotation.z
      value: -0
      objectReference: {fileID: 0}
    - target: {fileID: 4326859457898244, guid: c830689942e058449b61db20753ed2ee, type: 2}
      propertyPath: m_LocalRotation.w
      value: 1
      objectReference: {fileID: 0}
    - target: {fileID: 4326859457898244, guid: c830689942e058449b61db20753ed2ee, type: 2}
      propertyPath: m_RootOrder
      value: 3
      objectReference: {fileID: 0}
    - target: {fileID: 114429179017105980, guid: c830689942e058449b61db20753ed2ee,
        type: 2}
      propertyPath: standingDisplay
      value: 
      objectReference: {fileID: 643983999}
    - target: {fileID: 54274685340216852, guid: c830689942e058449b61db20753ed2ee,
        type: 2}
      propertyPath: m_Mass
      value: 50
      objectReference: {fileID: 0}
    m_RemovedComponents: []
  m_SourcePrefab: {fileID: 100100000, guid: c830689942e058449b61db20753ed2ee, type: 2}
  m_IsPrefabAsset: 0
--- !u!1 &1477324207
GameObject:
  m_ObjectHideFlags: 0
  m_CorrespondingSourceObject: {fileID: 1682748981370398, guid: 0900aac85a0c9634fbb49d51501e4b0e,
    type: 2}
  m_PrefabInternal: {fileID: 0}
  serializedVersion: 6
  m_Component:
  - component: {fileID: 1477324208}
  - component: {fileID: 1477324211}
  - component: {fileID: 1477324210}
  - component: {fileID: 1477324209}
  m_Layer: 5
  m_Name: Right
  m_TagString: Untagged
  m_Icon: {fileID: 0}
  m_NavMeshLayer: 0
  m_StaticEditorFlags: 0
  m_IsActive: 1
--- !u!224 &1477324208
RectTransform:
  m_ObjectHideFlags: 0
  m_CorrespondingSourceObject: {fileID: 224586397016658720, guid: 0900aac85a0c9634fbb49d51501e4b0e,
    type: 2}
  m_PrefabInternal: {fileID: 0}
  m_GameObject: {fileID: 1477324207}
  m_LocalRotation: {x: -0, y: -0, z: -0, w: 1}
  m_LocalPosition: {x: 0, y: 0, z: 0}
  m_LocalScale: {x: 1, y: 1, z: 1}
  m_Children: []
  m_Father: {fileID: 958393128}
  m_RootOrder: 0
  m_LocalEulerAnglesHint: {x: 0, y: 0, z: 0}
  m_AnchorMin: {x: 0.5, y: 0.5}
  m_AnchorMax: {x: 0.5, y: 0.5}
  m_AnchoredPosition: {x: 60, y: 0}
  m_SizeDelta: {x: 96.67, y: 39.32}
  m_Pivot: {x: 0.5, y: 0.5}
--- !u!114 &1477324209
MonoBehaviour:
  m_ObjectHideFlags: 0
  m_CorrespondingSourceObject: {fileID: 114445887215174230, guid: 0900aac85a0c9634fbb49d51501e4b0e,
    type: 2}
  m_PrefabInternal: {fileID: 0}
  m_GameObject: {fileID: 1477324207}
  m_Enabled: 1
  m_EditorHideFlags: 0
  m_Script: {fileID: -1862395651, guid: f70555f144d8491a825f0804e09c671c, type: 3}
  m_Name: 
  m_EditorClassIdentifier: 
  m_Delegates:
  - eventID: 2
    callback:
      m_PersistentCalls:
        m_Calls:
        - m_Target: {fileID: 6999865}
          m_MethodName: MoveStart
          m_Mode: 4
          m_Arguments:
            m_ObjectArgument: {fileID: 0}
            m_ObjectArgumentAssemblyTypeName: UnityEngine.Object, UnityEngine
            m_IntArgument: 0
            m_FloatArgument: 5
            m_StringArgument: 
            m_BoolArgument: 0
          m_CallState: 2
      m_TypeName: UnityEngine.EventSystems.EventTrigger+TriggerEvent, UnityEngine.UI,
        Version=1.0.0.0, Culture=neutral, PublicKeyToken=null
  delegates: []
--- !u!114 &1477324210
MonoBehaviour:
  m_ObjectHideFlags: 0
  m_CorrespondingSourceObject: {fileID: 114453983254662470, guid: 0900aac85a0c9634fbb49d51501e4b0e,
    type: 2}
  m_PrefabInternal: {fileID: 0}
  m_GameObject: {fileID: 1477324207}
  m_Enabled: 1
  m_EditorHideFlags: 0
  m_Script: {fileID: -765806418, guid: f70555f144d8491a825f0804e09c671c, type: 3}
  m_Name: 
  m_EditorClassIdentifier: 
  m_Material: {fileID: 0}
  m_Color: {r: 1, g: 1, b: 1, a: 1}
  m_RaycastTarget: 1
  m_OnCullStateChanged:
    m_PersistentCalls:
      m_Calls: []
    m_TypeName: UnityEngine.UI.MaskableGraphic+CullStateChangedEvent, UnityEngine.UI,
      Version=1.0.0.0, Culture=neutral, PublicKeyToken=null
  m_Sprite: {fileID: 21300000, guid: 6746e6affea0b4da7bb2e85580098bf5, type: 3}
  m_Type: 0
  m_PreserveAspect: 0
  m_FillCenter: 1
  m_FillMethod: 4
  m_FillAmount: 1
  m_FillClockwise: 1
  m_FillOrigin: 0
--- !u!222 &1477324211
CanvasRenderer:
  m_ObjectHideFlags: 0
  m_CorrespondingSourceObject: {fileID: 222538601156128286, guid: 0900aac85a0c9634fbb49d51501e4b0e,
    type: 2}
  m_PrefabInternal: {fileID: 0}
  m_GameObject: {fileID: 1477324207}
  m_CullTransparentMesh: 0
--- !u!4 &1478842044 stripped
Transform:
  m_CorrespondingSourceObject: {fileID: 4937864786476378, guid: 4b7e77c0c34940643bced58d98eb6294,
    type: 2}
  m_PrefabInternal: {fileID: 777296760}
--- !u!1001 &1540965744
Prefab:
  m_ObjectHideFlags: 0
  serializedVersion: 2
  m_Modification:
    m_TransformParent: {fileID: 0}
    m_Modifications:
    - target: {fileID: 4981437840177086, guid: 2fd793678dad37c41a8012af9c6c5c51, type: 2}
      propertyPath: m_LocalPosition.x
      value: 0
      objectReference: {fileID: 0}
    - target: {fileID: 4981437840177086, guid: 2fd793678dad37c41a8012af9c6c5c51, type: 2}
      propertyPath: m_LocalPosition.y
      value: 20.5
      objectReference: {fileID: 0}
    - target: {fileID: 4981437840177086, guid: 2fd793678dad37c41a8012af9c6c5c51, type: 2}
      propertyPath: m_LocalPosition.z
      value: 49
      objectReference: {fileID: 0}
    - target: {fileID: 4981437840177086, guid: 2fd793678dad37c41a8012af9c6c5c51, type: 2}
      propertyPath: m_LocalRotation.x
      value: 0.010122753
      objectReference: {fileID: 0}
    - target: {fileID: 4981437840177086, guid: 2fd793678dad37c41a8012af9c6c5c51, type: 2}
      propertyPath: m_LocalRotation.y
      value: -0
      objectReference: {fileID: 0}
    - target: {fileID: 4981437840177086, guid: 2fd793678dad37c41a8012af9c6c5c51, type: 2}
      propertyPath: m_LocalRotation.z
      value: -0
      objectReference: {fileID: 0}
    - target: {fileID: 4981437840177086, guid: 2fd793678dad37c41a8012af9c6c5c51, type: 2}
      propertyPath: m_LocalRotation.w
      value: 0.9999488
      objectReference: {fileID: 0}
    - target: {fileID: 4981437840177086, guid: 2fd793678dad37c41a8012af9c6c5c51, type: 2}
      propertyPath: m_RootOrder
      value: 5
      objectReference: {fileID: 0}
    - target: {fileID: 114218351298518526, guid: 2fd793678dad37c41a8012af9c6c5c51,
        type: 2}
      propertyPath: launchVelocity.y
      value: 40
      objectReference: {fileID: 0}
    m_RemovedComponents: []
  m_SourcePrefab: {fileID: 100100000, guid: 2fd793678dad37c41a8012af9c6c5c51, type: 2}
  m_IsPrefabAsset: 0
--- !u!1 &1748900800 stripped
GameObject:
  m_CorrespondingSourceObject: {fileID: 1963556482027590, guid: c830689942e058449b61db20753ed2ee,
    type: 2}
  m_PrefabInternal: {fileID: 1263963607}
--- !u!114 &1748900801
MonoBehaviour:
  m_ObjectHideFlags: 0
  m_CorrespondingSourceObject: {fileID: 0}
  m_PrefabInternal: {fileID: 0}
  m_GameObject: {fileID: 1748900800}
  m_Enabled: 1
  m_EditorHideFlags: 0
  m_Script: {fileID: 11500000, guid: 59d6017acefd48b4eacc3b48683e5ec9, type: 3}
  m_Name: 
  m_EditorClassIdentifier: 
--- !u!1 &1853952633
GameObject:
  m_ObjectHideFlags: 0
  m_CorrespondingSourceObject: {fileID: 1852530599153160, guid: 0900aac85a0c9634fbb49d51501e4b0e,
    type: 2}
  m_PrefabInternal: {fileID: 0}
  serializedVersion: 6
  m_Component:
  - component: {fileID: 1853952634}
  - component: {fileID: 1853952637}
  - component: {fileID: 1853952636}
  - component: {fileID: 1853952635}
  m_Layer: 5
  m_Name: Touch Input
  m_TagString: Untagged
  m_Icon: {fileID: 0}
  m_NavMeshLayer: 0
  m_StaticEditorFlags: 0
  m_IsActive: 1
--- !u!224 &1853952634
RectTransform:
  m_ObjectHideFlags: 0
  m_CorrespondingSourceObject: {fileID: 224516254076913370, guid: 0900aac85a0c9634fbb49d51501e4b0e,
    type: 2}
  m_PrefabInternal: {fileID: 0}
  m_GameObject: {fileID: 1853952633}
  m_LocalRotation: {x: 0, y: 0, z: 0, w: 1}
  m_LocalPosition: {x: 0, y: 0, z: 0}
  m_LocalScale: {x: 1, y: 1, z: 1}
  m_Children: []
  m_Father: {fileID: 1880608861}
  m_RootOrder: 0
  m_LocalEulerAnglesHint: {x: 0, y: 0, z: 0}
  m_AnchorMin: {x: 0, y: 0}
  m_AnchorMax: {x: 1, y: 1}
  m_AnchoredPosition: {x: 0, y: 0}
  m_SizeDelta: {x: 0, y: 0}
  m_Pivot: {x: 0.5, y: 0.5}
--- !u!114 &1853952635
MonoBehaviour:
  m_ObjectHideFlags: 0
  m_CorrespondingSourceObject: {fileID: 114848825467641446, guid: 0900aac85a0c9634fbb49d51501e4b0e,
    type: 2}
  m_PrefabInternal: {fileID: 0}
  m_GameObject: {fileID: 1853952633}
  m_Enabled: 1
  m_EditorHideFlags: 0
  m_Script: {fileID: -1862395651, guid: f70555f144d8491a825f0804e09c671c, type: 3}
  m_Name: 
  m_EditorClassIdentifier: 
  m_Delegates:
  - eventID: 2
    callback:
      m_PersistentCalls:
        m_Calls:
        - m_Target: {fileID: 6999865}
          m_MethodName: DragStart
          m_Mode: 1
          m_Arguments:
            m_ObjectArgument: {fileID: 0}
            m_ObjectArgumentAssemblyTypeName: UnityEngine.Object, UnityEngine
            m_IntArgument: 0
            m_FloatArgument: 0
            m_StringArgument: 
            m_BoolArgument: 0
          m_CallState: 2
      m_TypeName: UnityEngine.EventSystems.EventTrigger+TriggerEvent, UnityEngine.UI,
        Version=1.0.0.0, Culture=neutral, PublicKeyToken=null
  - eventID: 3
    callback:
      m_PersistentCalls:
        m_Calls:
        - m_Target: {fileID: 6999865}
          m_MethodName: DragEnd
          m_Mode: 1
          m_Arguments:
            m_ObjectArgument: {fileID: 0}
            m_ObjectArgumentAssemblyTypeName: UnityEngine.Object, UnityEngine
            m_IntArgument: 0
            m_FloatArgument: 0
            m_StringArgument: 
            m_BoolArgument: 0
          m_CallState: 2
      m_TypeName: UnityEngine.EventSystems.EventTrigger+TriggerEvent, UnityEngine.UI,
        Version=1.0.0.0, Culture=neutral, PublicKeyToken=null
  delegates: []
--- !u!114 &1853952636
MonoBehaviour:
  m_ObjectHideFlags: 0
  m_CorrespondingSourceObject: {fileID: 114821836364907012, guid: 0900aac85a0c9634fbb49d51501e4b0e,
    type: 2}
  m_PrefabInternal: {fileID: 0}
  m_GameObject: {fileID: 1853952633}
  m_Enabled: 1
  m_EditorHideFlags: 0
  m_Script: {fileID: -765806418, guid: f70555f144d8491a825f0804e09c671c, type: 3}
  m_Name: 
  m_EditorClassIdentifier: 
  m_Material: {fileID: 0}
  m_Color: {r: 1, g: 1, b: 1, a: 0}
  m_RaycastTarget: 1
  m_OnCullStateChanged:
    m_PersistentCalls:
      m_Calls: []
    m_TypeName: UnityEngine.UI.MaskableGraphic+CullStateChangedEvent, UnityEngine.UI,
      Version=1.0.0.0, Culture=neutral, PublicKeyToken=null
  m_Sprite: {fileID: 0}
  m_Type: 1
  m_PreserveAspect: 0
  m_FillCenter: 1
  m_FillMethod: 4
  m_FillAmount: 1
  m_FillClockwise: 1
  m_FillOrigin: 0
--- !u!222 &1853952637
CanvasRenderer:
  m_ObjectHideFlags: 0
  m_CorrespondingSourceObject: {fileID: 222786450079146236, guid: 0900aac85a0c9634fbb49d51501e4b0e,
    type: 2}
  m_PrefabInternal: {fileID: 0}
  m_GameObject: {fileID: 1853952633}
  m_CullTransparentMesh: 0
--- !u!1 &1880608857
GameObject:
  m_ObjectHideFlags: 0
  m_CorrespondingSourceObject: {fileID: 1097764069668908, guid: 0900aac85a0c9634fbb49d51501e4b0e,
    type: 2}
  m_PrefabInternal: {fileID: 0}
  serializedVersion: 6
  m_Component:
  - component: {fileID: 1880608861}
  - component: {fileID: 1880608860}
  - component: {fileID: 1880608859}
  - component: {fileID: 1880608858}
  m_Layer: 5
  m_Name: Canvas
  m_TagString: Untagged
  m_Icon: {fileID: 0}
  m_NavMeshLayer: 0
  m_StaticEditorFlags: 0
  m_IsActive: 1
--- !u!114 &1880608858
MonoBehaviour:
  m_ObjectHideFlags: 0
  m_CorrespondingSourceObject: {fileID: 114150946452986114, guid: 0900aac85a0c9634fbb49d51501e4b0e,
    type: 2}
  m_PrefabInternal: {fileID: 0}
  m_GameObject: {fileID: 1880608857}
  m_Enabled: 1
  m_EditorHideFlags: 0
  m_Script: {fileID: 1301386320, guid: f70555f144d8491a825f0804e09c671c, type: 3}
  m_Name: 
  m_EditorClassIdentifier: 
  m_IgnoreReversedGraphics: 1
  m_BlockingObjects: 0
  m_BlockingMask:
    serializedVersion: 2
    m_Bits: 4294967295
--- !u!114 &1880608859
MonoBehaviour:
  m_ObjectHideFlags: 0
  m_CorrespondingSourceObject: {fileID: 114165493289120242, guid: 0900aac85a0c9634fbb49d51501e4b0e,
    type: 2}
  m_PrefabInternal: {fileID: 0}
  m_GameObject: {fileID: 1880608857}
  m_Enabled: 1
  m_EditorHideFlags: 0
  m_Script: {fileID: 1980459831, guid: f70555f144d8491a825f0804e09c671c, type: 3}
  m_Name: 
  m_EditorClassIdentifier: 
  m_UiScaleMode: 0
  m_ReferencePixelsPerUnit: 100
  m_ScaleFactor: 1
  m_ReferenceResolution: {x: 800, y: 600}
  m_ScreenMatchMode: 0
  m_MatchWidthOrHeight: 0
  m_PhysicalUnit: 3
  m_FallbackScreenDPI: 96
  m_DefaultSpriteDPI: 96
  m_DynamicPixelsPerUnit: 1
--- !u!223 &1880608860
Canvas:
  m_ObjectHideFlags: 0
  m_CorrespondingSourceObject: {fileID: 223084473700369326, guid: 0900aac85a0c9634fbb49d51501e4b0e,
    type: 2}
  m_PrefabInternal: {fileID: 0}
  m_GameObject: {fileID: 1880608857}
  m_Enabled: 1
  serializedVersion: 3
  m_RenderMode: 1
  m_Camera: {fileID: 0}
  m_PlaneDistance: 100
  m_PixelPerfect: 0
  m_ReceivesEvents: 1
  m_OverrideSorting: 0
  m_OverridePixelPerfect: 0
  m_SortingBucketNormalizedSize: 0
  m_AdditionalShaderChannelsFlag: 0
  m_SortingLayerID: 0
  m_SortingOrder: 0
  m_TargetDisplay: 0
--- !u!224 &1880608861
RectTransform:
  m_ObjectHideFlags: 0
  m_CorrespondingSourceObject: {fileID: 224053126151767264, guid: 0900aac85a0c9634fbb49d51501e4b0e,
    type: 2}
  m_PrefabInternal: {fileID: 0}
  m_GameObject: {fileID: 1880608857}
  m_LocalRotation: {x: 0, y: 0, z: 0, w: 1}
  m_LocalPosition: {x: 0, y: 0, z: 0}
  m_LocalScale: {x: 0, y: 0, z: 0}
  m_Children:
  - {fileID: 1853952634}
  - {fileID: 958393128}
  - {fileID: 1215559515}
  - {fileID: 941898545}
  m_Father: {fileID: 0}
  m_RootOrder: 6
  m_LocalEulerAnglesHint: {x: 0, y: 0, z: 0}
  m_AnchorMin: {x: 0, y: 0}
  m_AnchorMax: {x: 0, y: 0}
  m_AnchoredPosition: {x: 0, y: 0}
  m_SizeDelta: {x: 0, y: 0}
  m_Pivot: {x: 0, y: 0}
